2251 3297
535 211 924 261 PRAEFATIO
956 209 1398 259 ISAGOGICA‚'
1725 213 1798 264 D<

98 310 275 360 Bonanni
295 305 386 356 nelle
396 303 537 368 observ.
548 307 642 353 delle
657 305 846 354 chiocciole
858 316 960 365 part.
986 322 1004 353 1
1014 343 1023 351 .
1031 319 1115 368 pag.
1138 318 1216 366 43.
1244 305 1295 361 &⁴
1316 306 1427 366 Mus?
1435 304 1563 354 Kirch⁴
1585 317 1666 369 pag.
1682 320 1717 366 4
1727 323 1797 356 10.
1813 323 1927 369 Aque
1936 332 2036 370 gene.

94 394 144 423 rx
163 379 280 436 Arist·
305 376 368 421 lib.
401 390 439 433 3.
457 374 505 419 de
520 392 605 434 geu.
622 392 684 419 lm.
706 392 782 431 Ctlst·
805 389 821 419 1
837 389 874 419 Ι.
905 378 958 418 In
984 378 1197 418 nonnullo
1219 374 1315 419 linu
1338 375 1465 419 maris
1483 375 1690 436 paludoso
1700 391 1791 420 ma·
1811 379 1982 432 '‘n‘’”gfi
2000 386 2038 408 ⁰·

93 460 227 508 gnam
248 443 485 488 ostreorum
509 442 684 503 copiam
708 437 874 484 creviffe
899 438 1096 500 primum
1114 439 1208 501 post
1232 456 1441 502 aquarum
1463 438 1792 485 exsiccationem
1804 417 1934 517 {lez-⁰2¹¹
1966 434 2038 516 JJJ'

92 509 162 554 vel
186 506 515 560 subfidentiam,
544 520 727 567 quarum
756 502 975 566 praesentia
997 520 1153 548 eorum
1178 505 1495 567 generationem
1517 504 1790 567 impediebat.
1802 518 1897 561 sum,
1940 482 1965 521 p
2009 515 2013 519 ’

160 572 300 632 Qlod
328 571 467 617 adhuc
487 571 622 633 magis
644 568 895 613 mirandum
916 569 972 612 est
986 601 1002 624 ,
1024 568 1194 615 testacea
1215 586 1308 614 non
1328 570 1470 615 solum
1486 570 1596 615 intra
1611 582 1789 626 terram,
1813 593 1960 641 Testacea
1984 597 2040 632 ;„,

92 638 280 693 limum,
306 653 444 682 arenas
468 635 709 698 germinant
731 634 773 679 &
799 632 1014 688 crescunt,
1040 632 1108 678 sed
1121 650 1295 697 quoque
1306 635 1415 681 intra
1426 634 1510 698 ipsa
1521 635 1614 680 saxa
1637 652 1790 681 eorum
1810 653 1863 678 era
1883 646 1945 694 ipsa
1954 645 2037 689 five«

90 703 309 769 generatio
331 700 550 764 perficitur
565 733 579 755 ,
608 711 740 763 prout
761 700 851 756 jam
862 711 1024 744 notum
1036 701 1091 744 est
1112 697 1163 744 de
1174 699 1433 746 Pholadibus
1452 703 1492 746 ἃ
1514 702 1692 746 Βειᾶἰίἱς
1704 704 1790 747 Ta·
1801 706 2007 750 generamur

93 769 269 816 sentinis
281 800 296 823 ,
334 767 410 829 qui
433 766 479 811 in
498 766 602 811 saxis
623 764 890 830 geminam,
911 765 953 810 ἃ
971 764 994 810 ὲ
1014 765 1206 811 minimo
1226 764 1384 813 emine
1405 767 1453 813 in
1473 767 1567 813 ratis
1588 783 1795 832 magnam
1813 745 2038 792 “mms‘m

89 835 261 884 molem
285 831 536 878 accrescunt.

152 903 258 947 Hoc
283 897 425 961 ipsum
450 897 603 961 legitur
621 896 668 942 in
689 900 869 942 Bonanno
888 894 913 943 Ι.
938 911 971 943 c.
993 894 1223 954 scribente,
1247 896 1287 944 ie
1312 897 1465 962 saepius
1484 899 1530 945 in
1545 899 1692 964 aliquo
1703 916 1795 947 ma·
1880 915 1971 963 Teste

88 981 178 1029 gno
202 963 339 1028 lapide
366 964 387 1008 e
407 961 741 1026 profundiffimo
761 963 889 1009 maris
912 963 1014 1010 loco
1041 965 1256 1019 extraeo,
1286 966 1327 1010 &
1353 965 1495 1028 postea
1519 978 1650 1029 rupto
1665 966 1793 1012 vidis-
1835 971 2002 1005 Bonanno.

86 1029 128 1077 se
152 1027 437 1076 minutiffima
449 1029 619 1074 testacea
635 1027 808 1074 diversae
831 1028 981 1091 speciei
996 1062 1011 1083 ‚
1034 1029 1271 1091 praesertim
1294 1033 1398 1075 vero
1417 1032 1616 1090 mytulos
1638 1048 1691 1077 ne
1714 1032 1791 1079 vix

87 1095 265 1158 quidem
291 1093 499 1140 formatos
526 1095 566 1139 ὃ(
591 1107 681 1139 tam
713 1110 893 1155 pai-VOS,
927 1105 977 1138 ut
997 1110 1089 1138 non
1123 1093 1203 1139 nifi
1234 1111 1319 1157 ope
1347 1096 1623 1159 microscopii
1649 1096 1790 1143 obser.

87 1162 176 1208 vari
207 1159 371 1224 pollent
385 1193 400 1215 ,
423 1159 470 1204 in
495 1159 668 1204 internis
691 1157 887 1221 lapidum
909 1156 1164 1204 cavitatibus
1186 1162 1416 1216 haerentes,
1441 1162 1516 1223 qui
1542 1179 1690 1207 earum
1714 1180 1788 1225 pa-

85 1225 262 1273 rietibus
284 1223 427 1270 subtili
456 1223 682 1270 filamento
704 1240 861 1269 nerveo
881 1239 933 1268 ex
956 1223 1050 1285 ipso
1070 1224 1275 1286 pisciculo
1298 1225 1407 1271 intra
1428 1227 1688 1272 conchulam
1717 1226 1790 1273 de-

83 1291 295 1338 litescente
315 1288 554 1352 prodeunte
577 1289 734 1353 alligati
766 1300 908 1343 erant,
931 1289 972 1333 ἃ
998 1305 1051 1334 ex
1078 1289 1130 1334 iis
1154 1306 1247 1335 non
1270 1291 1388 1336 aliter
1408 1308 1457 1337 ac
1476 1290 1635 1338 fruffirs
1656 1309 1709 1338 ex
1727 1309 1790 1338 ar-

86 1356 192 1404 bore
220 1354 486 1420 pendebant,
513 1356 599 1401 hoc
621 1354 764 1418 ipsum
786 1355 895 1399 intra
917 1352 1012 1399 saxa
1029 1355 1158 1400 maris
1186 1356 1409 1401 Tarentini
1441 1356 1677 1420 frequenter
1707 1357 1791 1404 ob-

84 1422 288 1478 servavit,
315 1422 401 1469 hoc
424 1421 566 1466 solum
589 1419 855 1475 discrimine,
886 1418 1008 1482 quod
1041 1420 1087 1465 in
1115 1420 1181 1466 his
1217 1422 1530 1469 tantummodo
1557 1423 1788 1482 conchylia

87 1486 275 1534 bivalvia
292 1487 625 1539 continerentur.
691 1485 816 1531 Idem
840 1484 1017 1548 ipsemet
1036 1483 1126 1531 vidi
1160 1487 1351 1534 Veneriis
1386 1487 1432 1533 in
1464 1487 1678 1552 lapidibus
1709 1488 1788 1534 du-
1809 1512 1853 1547 Ε,
1872 1509 1935 1563 ipst,
1951 1514 2033 1552 Ana-⁷

80 1552 254 1601 riffimis
281 1552 465 1612 mytulis
490 1553 531 1598 &
556 1549 759 1598 musculis
781 1548 897 1613 quafi
921 1550 1183 1597 omnimode
1204 1553 1383 1615 repletis.
1806 1562 1906 1599 thore.

147 1617 413 1677 Hujufinodi
433 1618 638 1664 minimas
662 1617 901 1663 cochleolas
922 1615 1100 1679 perfecte
1116 1618 1209 1676 jam
1228 1617 1431 1665 formatas
1451 1617 1561 1666 intra
1584 1619 1689 1685 ipsas
1701 1635 1786 1667 are-
1804 1641 1944 1679 minm-
1956 1654 2031 1682 are»

85 1685 206 1731 nulas
242 1685 288 1729 in
310 1688 465 1747 magna
487 1684 720 1746 quantitate
747 1683 878 1728 etiam
897 1681 1152 1744 deprehendi
1177 1684 1249 1729 ait.
1803 1702 1881 1728 nas.

147 1748 379 1812 Descriptis
402 1749 508 1794 locis
529 1749 711 1803 nativis,
737 1748 783 1794 in
804 1745 961 1810 quibus
972 1748 1142 1795 testacea
1163 1749 1417 1814 plerumque
1447 1750 1688 1797 naturaliter
1699 1768 1791 1815 ger-

83 1814 246 1862 minare
264 1816 422 1871 solent,
453 1814 640 1861 succedit
659 1812 933 1878 explicandus
945 1812 1104 1860 modus
1125 1815 1383 1861 eorumdem
1406 1817 1728 1880 germinationis
1746 1818 1789 1866 &

78 1882 330 1927 accretionis
368 1880 438 1927 seu
458 1880 720 1927 nutritionis.
767 1881 889 1925 cum
908 1881 1013 1925 vero
1035 1878 1222 1942 superius
1240 1882 1334 1940 jam
1353 1881 1405 1927 de
1426 1883 1695 1946 generatione
1705 1881 1789 1945 pis-

81 1947 204 1993 cium
230 1947 507 1995 testaceorum
534 1944 704 1994 abunde
744 1946 972 1992 tractatum
993 1943 1072 2002 sit,
1095 1946 1166 1993 hic
1206 1945 1379 1995 tantum
1403 1948 1454 1995 de
1481 1949 1717 1996 accretione
1741 1948 1784 1995 &

81 2013 316 2057 nutritione
340 2012 538 2058 testarum
564 2011 703 2058 sermo
727 2013 817 2058 erit.

145 2082 271 2123 Mart.
298 2079 384 2136 List.
410 2081 450 2122 in
469 2077 604 2137 diffie}
631 2080 758 2134 Musc.
787 2079 889 2138 Ang.
904 2077 988 2136 sup.
1000 2079 1089 2137 jam
1106 2084 1209 2127 citat.
1233 2095 1315 2143 pag.
1357 2089 1428 2130 16.
1464 2096 1613 2148 putat,
1635 2082 1781 2129 testam
1801 2094 1900 2143 Testa
1941 2094 2030 2140 mus-

79 2142 262 2192 musculi
284 2159 336 2188 ex
348 2143 467 2188 vitali
488 2144 681 2189 contenti
695 2141 817 2206 piscis
839 2143 967 2190 succo
991 2146 1215 2193 accrescere
1235 2149 1439 2194 &nutriri
1453 2184 1468 2206 ,
1487 2149 1776 2196 substantiam.
1798 2144 2028 2205 cutqrqmbvi-

78 2225 163 2271 que
186 2208 306 2253 silam
336 2206 548 2270 lapideam
575 2207 674 2254 inde
697 2209 934 2270 acquirere,
960 2211 1050 2268 ejus
1082 2212 1212 2258 verba
1230 2213 1327 2259 sunt
1349 2215 1458 2261 haec:
1524 2219 1591 2260 Ex
1616 2215 1779 2260 interna
1799 2193 2028 2281 “‘l¹P¹s⁶'‘s‘⁶3‘

78 2287 226 2323 autem
251 2273 449 2319 testarum
469 2286 585 2337 parte
611 2273 916 2321 membranam
935 2275 1124 2339 aliquam
1145 2277 1439 2325 tenuiffimam
1459 2279 1641 2344 separavi
1653 2296 1706 2325 ex
1716 2296 1779 2324 ar-
1798 2249 2027 2342 ἓξῖἵῆξῖἓ-

79 2350 211 2403 gento
231 2339 408 2401 pulchre
428 2338 769 2387 caerulescentem
785 2374 799 2395 ,
828 2339 873 2385 id
896 2341 978 2397 est,
991 2342 1179 2401 ejusdem
1203 2361 1309 2391 cum
1331 2344 1429 2408 ipfis
1448 2346 1606 2392 coloris
1616 2345 1781 2391 mican-
1800 2358 1855 2381 am
1890 2346 2025 2403 rapideae

79 2405 160 2456 tis3
186 2421 324 2468 neque
352 2417 497 2450 tamen
515 2405 591 2461 iis,
616 2422 716 2468 quae
733 2404 1183 2462 subfuerant,nudatis
1200 2409 1334 2456 defuit
1350 2411 1447 2457 suus
1473 2413 1638 2475 elegans
1663 2411 1781 2457 nitor
1797 2407 1988 2480 Zqusrqm.

79 2470 287 2534 pristinus.
366 2469 495 2517 Unde
522 2471 733 2530 conjicere
766 2472 866 2518 licet
880 2506 894 2526 ‚
923 2475 1149 2521 materiam
1179 2474 1392 2539 lapideam
1428 2476 1516 2524 five
1562 2476 1781 2526 testaceam
1791 2456 2025 2541 βαῖζῖιῖηεῖῑ

81 2535 278 2598 plurimis
300 2534 563 2583 membranis
595 2537 846 2585 lamellatim
878 2535 1087 2600 dispositis
1123 2540 1314 2596 includi,
1337 2542 1510 2605 perinde
1534 2554 1584 2589 ut
1608 2542 1654 2588 in
1672 2559 1781 2588 mar.
1794 2543 2025 2601 braputaynel-

81 2600 224 2663 garitis
238 2633 253 2655 ,
280 2599 348 2645 led
366 2601 413 2651 in
443 2603 508 2647 his
530 2601 809 2649 orbiculatim
845 2619 931 2649 una
954 2603 1071 2652 alteri
1100 2606 1477 2666 circuminjicitur‚
1506 2609 1553 2655 in
1573 2608 1656 2654 illis
1675 2608 1780 2655 vero
1799 2596 1905 2651 tat-zm.
1921 2593 2024 2679 ὠίῘΡθ·

81 2665 254 2717 eaedem
268 2665 536 2713 membranae
559 2684 612 2712 ex
634 2668 764 2730 plano
775 2666 855 2713 fibi
872 2668 1063 2715 invicem
1078 2671 1498 2735 superextenduntur.
1532 2672 1626 2737 Ipia
1633 2685 1779 2720 autem
1791 2643 1945 2730 §gnum
1960 2657 2001 2692 ³⁴⁹·

83 2731 260 2781 materia
280 2730 443 2795 lapidea
478 2732 743 2784 membranis
772 2732 1011 2782 istiufinodi
1029 2737 1163 2796 illita,
1180 2753 1231 2788 ac
1249 2736 1482 2798 obdurata,
1501 2740 1525 2786 a
1545 2740 1673 2787 succo
1692 2738 1782 2785 ani-

901 2848 981 2909 (0)
1596 2853 1724 2904 mans
