2251 3297
138 228 209 278 IN
239 229 476 278 CLASSES
512 226 763 276 GENERA
795 222 876 270 ET
910 220 1135 271 SPECIES
1168 224 1614 276 DISTRIBUENDI.
1707 248 1761 290 3¹

51 341 146 384 tur,
170 346 259 374 non
283 345 402 394 aegro
431 327 652 375 ferendum
674 326 728 375 fit
757 327 906 374 animo
922 363 934 385 ‚
959 328 1192 392 praesertim
1227 329 1331 376 curn
1374 349 1526 379 omnes
1561 335 1758 383 testaceo-

49 412 149 442 rum
176 395 327 441 soecies
351 396 459 441 mihi
483 393 535 440 ad
558 411 711 441 manus
741 411 831 439 non
848 393 1002 440 fuerint
1019 428 1031 449 ‚
1064 397 1102 441 ἃ
1123 394 1180 442 fic
1202 395 1427 459 saepiffime
1450 398 1632 446 fortuito
1667 414 1758 449 tan—

48 461 146 507 tum
167 439 498 520 cbnjectandum
519 474 629 516 erat,
658 478 711 505 an
731 461 826 505 haec
848 462 916 506 vel
941 461 1011 506 illa
1035 462 1186 525 species
1207 464 1258 508 ad
1291 464 1378 509 hoc
1401 465 1469 509 vel
1490 464 1596 510 illud
1621 484 1753 530 genus

46 527 190 574 reduci
209 527 371 574 debeat.
440 528 614 574 Etenim
648 526 862 571 Authores
887 527 910 572 a
934 527 1252 589 pulchritudine
1288 529 1329 574 δε
1361 528 1598 577 diverfltate
1632 533 1748 579 testa-
1772 534 2001 617 ffzlurimxmu.

45 610 228 640 ceorum
251 595 453 640 colorum
475 593 729 657 plerumque
752 590 868 656 quali
903 595 1109 640 occaecati
1138 593 1467 657 descriptionem
1500 598 1539 643 ὅ(
1559 594 1752 646 ἷόεΙίηεει-
1773 590 1999 671 ζῇζζξιζὲιζζμ

44 660 216 706 tionem
231 662 546 723 praecipuarum
568 660 759 722 partium
778 671 901 704 notas
918 659 1257 706 characteristicas
1281 662 1634 709 constituentium
1658 682 1749 711 ma-
1769 686 1914 719 colorum
1949 697 1999 722 te-

43 726 128 784 jori
141 744 192 771 ex
205 739 321 789 parte
334 725 509 788 hucusq3
531 725 821 789 neglexerunt,
833 725 905 788 qui
919 738 1063 772 tamen
1085 743 1198 773 error
1220 725 1337 772 facile
1349 729 1508 791 poterit
1529 730 1683 795 corrigi
1696 730 1750 776 ab
1762 732 1997 800 flaccorum

44 792 110 848 iis,
120 792 193 854 qui
216 792 286 849 huj
295 791 464 837 ufinodi
477 792 750 837 cochlearum
760 790 912 854 species
923 791 1151 855 pollident,
1164 809 1266 837 nam
1280 792 1310 838 s1
1323 811 1415 840 non
1426 794 1476 841 ad
1489 795 1670 841 citatum
1683 814 1753 860 ge·
1774 795 1997 836 ⁰⁶⁶⁶⁶⁴⁸¹fw⁸

1771 842 1837 867 tes
1856 847 1871 867 e

43 874 124 904 nus
142 857 402 920 pertineant,
430 857 592 921 semper
618 857 701 907 levi
738 858 917 922 negotio
955 858 1070 904 aliud
1106 859 1350 916 invenient,
1375 861 1444 906 cui
1483 861 1748 909 adnumerari
1770 847 1997 922 notasgffri:

44 936 261 987 poterunt.
1771 932 1840 967 εἶεν
1848 935 1862 990 ἦ
1860 934 1893 980 st
1903 939 1915 970 ι·
1925 949 1967 972 ca
1975 950 1994 973 s

41 991 267 1038 Vocantur
289 1001 437 1035 autem
472 989 544 1036 hae
575 989 767 1036 cochleae
806 985 1139 1047 caffidiformes‚
1171 988 1271 1052 quia
1305 991 1505 1038 struant-:2
1536 992 1605 1038 sua
1636 1012 1745 1057 quo-
1765 983 1993 1072 ῗῖξζζζξῖζιῗ

42 1055 284 1101 dammodo
317 1054 520 1101 callidem
551 1056 847 1119 praeleferunt‚
890 1057 931 1101 &
948 1062 1105 1120 magni
1126 1073 1178 1102 ez<
1199 1070 1315 1118 parte
1340 1074 1444 1106 cum
1474 1058 1745 1121 subsequente
1769 1047 1904 1120 [ἔξωθε
1927 1062 1990 1132 caſs

43 1139 192 1186 genere
210 1120 378 1169 Caffida
405 1133 566 1169 vocato
588 1122 869 1168 conveniunt.
1769 1133 1966 1219 eflicrisfglmes

610 1219 660 1270 G
694 1223 731 1268 E
763 1223 812 1270 N
845 1223 890 1270 U
923 1224 949 1268 s
1015 1221 1065 1273 V
1096 1221 1115 1270 1
1148 1221 1181 1269 1.
1770 1244 1895 1270 cmm
1933 1199 1990 1223 '⁰‘

579 1315 777 1364 Caffidae.
813 1313 996 1369 ffieffele
1012 1313 1220 1380 »baubat

42 1407 180 1508 CA
199 1423 222 1464 S
236 1423 258 1464 S
272 1424 294 1466 1
307 1424 350 1466 D
364 1421 420 1466 AE
455 1421 550 1469 fimt
567 1425 774 1473 Cochleae
787 1429 1076 1478 canaliculatae
1088 1431 1355 1482 dextrorsum
1368 1437 1601 1487 incurvatae
1622 1443 1748 1509 infig-

144 1487 250 1530 niter
271 1487 522 1535 ventricosae
551 1489 713 1539 sinistro
737 1494 822 1539 oris
840 1492 956 1542 labio
979 1498 1222 1546 tenuiffmie
1251 1501 1408 1551 labiato
1436 1507 1477 1552 ὃ(
1492 1507 1749 1557 umbilicato

37 1551 307 1598 umbonatae.

168 1618 344 1682 Species.

38 1681 206 1729 Caffida
229 1685 479 1732 umbilicata
505 1688 544 1734 ὃ(
566 1688 809 1737 umbonata
838 1692 972 1740 striata
993 1696 1144 1761 rugosa
1167 1699 1270 1746 striis
1302 1702 1585 1756 canaliculatis
1610 1709 1650 1753 ὃ(
1673 1725 1744 1754 ex-

102 1750 208 1795 tima
226 1749 327 1813 spira
349 1752 487 1797 versus
501 1753 721 1801 orificium
735 1757 947 1820 gradatim
961 1764 1175 1825 ampliata.
1207 1766 1366 1811 cochlea
1385 1769 1630 1829 Galeifhrmis
1640 1774 1741 1819 dim
1761 1774 1983 1832 afhla—Ga-

103 1819 194 1860 Ron.
218 1833 311 1880 pag.
346 1831 405 1877 45
414 1833 456 1872 9.
481 1835 522 1864 n.
559 1834 663 1878 179.
688 1835 837 1869 utrum
863 1825 933 1871 illa
961 1826 1168 1875 tuberosa.
1193 1849 1288 1896 pag.
1325 1839 1435 1892 460.
1471 1837 1512 1881 ὅ(
1542 1855 1583 1882 n.
1633 1846 1737 1900 184.
1759 1825 1983 1870 ²²¹f⁰⁷m³¹²³m

102 1879 304 1944 descripta
330 1899 378 1928 ac
401 1883 605 1931 delineata
634 1905 808 1952 quoque
835 1890 887 1936 ad
907 1892 994 1938 hoc
1020 1912 1152 1958 genus
1168 1898 1567 1960 pertineat,dubius
1578 1904 1739 1952 haereo.

35 1949 189 1991 Praeter
205 1947 295 2005 jam
328 1949 373 1992 in
403 1950 537 1996 titulis
568 1951 747 1999 adduaa
785 1953 902 2021 figna
936 1972 1056 2005 notae
1085 1962 1424 2010 charasteristicae
1460 1979 1549 2014 tam
1574 1969 1743 2018 caffidae

36 2014 169 2074 quam
194 2013 468 2060 cochlearum
489 2015 846 2067 caffidiformium
883 2022 1131 2072 observatur
1166 2029 1297 2073 etiam
1310 2031 1563 2095 plerumque
1584 2035 1629 2081 in
1651 2037 1740 2082 illa-

35 2094 135 2123 rum
159 2077 372 2140 speciebus
397 2079 563 2127 labium
583 2084 669 2128 oris
697 2083 897 2133 dextrum
911 2088 980 2134 sua
997 2091 1159 2137 extima
1169 2094 1403 2156 peripheria
1427 2098 1571 2162 aliquo
1594 2100 1741 2150 saltem

33 2141 174 2189 modo
203 2144 271 2188 vel
293 2144 550 2209 quandoque
568 2149 697 2194 etiam
718 2152 965 2201 notabiliter
992 2158 1231 2205 extrorsum
1242 2160 1447 2207 reflexum
1458 2197 1474 2219 ,
1499 2182 1587 2228 quo
1604 2166 1740 2231 figura

33 2209 211 2266 alicujus
246 2209 408 2256 caffidis
433 2228 525 2257 non
544 2231 698 2276 parum
719 2216 956 2277 adjuvatur.

32 2274 153 2319 Striae
177 2276 466 2322 canaliculatae
492 2293 703 2326 vocantur
722 2282 835 2339 illae,
860 2303 1044 2348 quarum
1066 2289 1300 2337 eminentia
1337 2306 1506 2342 externa
1530 2297 1576 2342 in
1608 2298 1733 2346 inter·
1756 2307 1849 2343 Striae
1859 2312 1978 2345 canali·

33 2345 87 2386 na
118 2340 395 2387 testaceorum
415 2341 518 2389 facie
542 2347 762 2392 canaliculi
787 2349 911 2396 instar
933 2369 1124 2400 concava
1146 2356 1403 2405 observatur.
1755 2360 1872 2393 ζώω
1898 2359 1983 2408 quid

34 2407 226 2451 Cochlea
249 2419 394 2452 autem
416 2409 665 2457 umbilicata
689 2427 871 2461 vocatur
891 2417 988 2474 illa,
1013 2436 1112 2482 quae
1132 2435 1287 2484 praeter
1315 2442 1364 2470 os
1387 2426 1526 2485 majus
1547 2431 1731 2477 cochleis
1745 2406 1890 2493 {talea
1903 2471 1979 2493 um-

33 2472 261 2534 proprium
293 2485 408 2518 extra
429 2473 535 2520 illud
557 2476 580 2522 e
606 2477 731 2524 latere
752 2478 914 2527 finisti-o
939 2484 1055 2530 aliud
1084 2486 1269 2549 posfidet
1291 2522 1307 2544 ,
1346 2491 1455 2537 circa
1488 2495 1608 2555 quod
1642 2508 1732 2542 tan-
1754 2505 1887 2543 biticata
1897 2508 1981 2557 quid

34 2554 166 2598 quam
187 2538 297 2584 circa
315 2535 442 2586 suum
465 2541 778 2604 pericochlium
798 2546 921 2611 spirae
946 2551 1135 2598 cochleae
1151 2554 1557 2605 circumvolvuntur
1577 2594 1591 2616 ‚
1614 2562 1734 2625 quod
1747 2555 1805 2602 β’·

33 2601 227 2648 foramen
257 2605 428 2668 proprie
452 2606 688 2656 umbilicus
709 2610 877 2660 dicitur.
903 2614 1016 2664 Vide
1038 2618 1146 2665 Hist.
1171 2622 1277 2684 Lap.
1294 2622 1521 2686 Fig.Helv.
1536 2628 1614 2673 ἃς.
1637 2645 1734 2694 pag.

41 2673 148 2714 IC6.

32 2732 233 2796 Denique
257 2735 446 2782 Cochlea
468 2738 709 2787 tenuiffime
724 2741 884 2791 labiosa
907 2746 961 2791 est
987 2746 1084 2804 illa,
1110 2750 1230 2805 cujus
1243 2750 1409 2799 labium
1430 2754 1642 2804 finisti-um
1664 2761 1732 2805 vel
1765 2780 1952 2820 meum„

34 2799 165 2848 etiam
191 2798 392 2849 dextrum
415 2814 506 2852 tam
537 2806 717 2855 tenuiter
748 2808 869 2873 supra
889 2812 1100 2877 reliquam
1125 2817 1317 2864 cochleae
1340 2820 1486 2881 testam
1509 2823 1733 2934 rgileffitur
1752 2829 1931 2925 {infime

1598 2904 1669 2936 ex-
1876 2904 1885 2916 ⁹
