2251 3297
450 233 839 292 PRAEFATIO
869 237 1312 317 ISAGOGICQ
1673 250 1762 299 vn:

52 351 99 400 lo
125 350 175 398 ad
199 350 277 396 tria
301 349 477 412 quidem
502 359 576 393 aut
598 360 783 411 quatuor
805 345 941 390 millia-
967 344 1253 409 supputarem.

116 422 183 463 Ex
204 416 421 480 hucusque
446 412 636 460 adduffis
665 410 1036 459 observationibus
1062 411 1182 458 facile
1206 411 1423 475 colligitur
1453 409 1677 458 innumera
1696 425 1756 459 te·
1775 423 1996 470 onustam-

51 482 289 531 staceorum
314 497 508 527 ovorum
542 481 692 543 copia,
714 474 955 540 eorumque·
989 478 1275 523 minutiffima
1300 477 1509 541 parvitaS‚
1531 475 1594 522 ob
1622 496 1756 541 quam
1773 486 1849 529 nfm
1869 474 1907 507 ⁰²³
1917 485 1995 524 ΡΗ·

49 550 181 596 etiam
204 549 407 595 farinacea
417 552 631 594 vOcantur
651 579 666 602 ‚
681 544 721 590 ἃ
738 544 821 590 levi
842 543 1020 608 negotio
1035 577 1049 599 ,
1063 543 1141 589 nisi
1153 544 1229 589 suo
1241 544 1406 608 glutine
1418 543 1484 589 vel
1497 543 1575 588 alia
1589 547 1756 608 genitu—
1773 524 1999 609 :3335er-

50 619 96 665 ra
133 616 298 663 viscosa
329 615 433 661 saxis
452 646 467 668 ,
495 612 603 657 testis
634 611 766 657 arenis
787 644 801 666 ,
825 622 899 655 aut
928 610 1038 654 limo
1064 608 1244 655 firmiter
1281 608 1546 663 adhaereant,
1563 610 1618 655 ab
1650 616 1757 674 aqua
1773 586 2000 670 ammes-552.-

51 682 155 728 hinc
176 680 275 726 inde
301 677 505 725 transferri
528 675 728 741 poffunt,
753 676 823 722 vel
843 675 976 721 etiam
1000 680 1086 720 una
1114 691 1218 721 cum
1236 675 1471 739 vaporibus
1495 676 1638 737 aqueis
1665 689 1755 722 tam
1776 671 1891 730 filum}
1924 673 1999 709 ‘⁷²²¹‘

49 745 350 800 fiibterraneis‚
378 745 510 808 quam
534 745 583 789 iis
600 777 613 799 ‚
643 743 758 807 quia
780 741 889 787 mari
913 741 958 786 in
985 741 1318 804 atmosphaeram
1345 742 1532 787 nostram
1551 722 1853 819 attollun-g'ss
1884 732 2000 820 223¹,

49 824 120 859 tur
135 845 149 867 ‚
175 812 350 866 elevari,
376 812 417 857 ἃ
437 808 725 856 mediantibus
747 809 854 864 illis,
876 807 945 853 vel
965 804 1064 870 ips1s
1085 807 1224 853 ventis
1246 806 1400 852 intima
1424 820 1545 853 terrae
1567 820 1755 870 penetra-
1859 782 1881 821 p

45 876 105 925 lia
138 876 363 941 pervadere·
384 878 425 923 &
449 875 577 922 illaesa
594 873 794 939 quidem,
817 889 910 920 non
924 871 1038 919 secus
1055 884 1105 920 ac
1133 875 1157 918 a
1189 871 1468 936 piscatoribus
1512 873 1621 920 salva
1655 875 1755 922 hinc

0 976 11 995 ,ι
52 941 153 992 inde
174 943 520 1008 transportantur„

778 1019 834 1106 ς.
868 1019 1005 1083 111.

198 1138 359 1201 Piscium
373 1144 613 1200 testaceorum
627 1143 786 1186 nutritio
808 1134 860 1189 (ξ’
875 1137 1032 1183 accretio
1043 1136 1228 1199 quomodo
1241 1133 1341 1190 &in
1352 1139 1429 1202 qud
1441 1141 1604 1185 materia

728 1201 1049 1265 potgffimtltmfiat.

88 1322 130 1365 A
138 1325 175 1366 C
181 1324 245 1364 OB
255 1323 326 1367 US'
346 1319 655 1373 GRANDIUS
674 1318 714 1359 in
722 1314 797 1372 suci
810 1313 904 1360 dael.
919 1313 1069 1373 Epfflolcl
1081 1313 1128 1359 de
1144 1318 1306 1360 veritate
1314 1314 1456 1361 diluvii
1466 1315 1688 1374 univerfizliJ
1704 1312 1756 1370 &¹
1798 1333 1942 1380 restam

87 1390 429 1449 testaceorum‚quae
438 1383 570 1442 procul
579 1385 603 1426 zi
613 1385 715 1426 mari
726 1385 980 1439 reperiuntur,
987 1385 1225 1441 generatione
1230 1396 1312 1442 pag.
1328 1389 1404 1428 66.
1417 1381 1550 1428 afferit
1560 1400 1569 1426 :
1583 1395 1621 1427 te
1626 1383 1751 1428 stacea
1765 1388 1960 1431 plantarum

50 1454 201 1498 omnia
219 1453 461 1514 plantarum
486 1465 609 1494 more
626 1446 823 1502 crescere,
837 1458 1050 1509 caputque
1065 1446 1170 1492 infra
1189 1446 1341 1492 habere
1354 1482 1366 1503 ‚
1381 1461 1576 1493 ventrem
1598 1447 1717 1510 supra
1732 1483 1746 1505 ‚
1764 1444 1856 1515 2⁷¹⁰r²
1888 1439 1964 1483 ⁶72st

47 1520 148 1581 quia
172 1518 323 1563 cibum
347 1516 398 1561 de
421 1516 515 1560 imo
535 1514 733 1578 capiunt,
753 1510 1004 1575 causamque
1027 1512 1143 1557 addit
1162 1546 1175 1568 ‚
1207 1529 1282 1559 cur
1298 1514 1422 1564 citius
1440 1514 1680 1559 moriantur
1698 1515 1742 1559 in
1765 1487 1992 1577 rii'rzti'ssterii

46 1588 154 1646 aqua
178 1583 292 1628 dulci
313 1617 325 1637 ‚
348 1583 481 1644 quam
503 1581 549 1625 in
573 1596 663 1624 aere
678 1613 691 1633 ‚
721 1579 932 1624 nimirum
958 1578 1212 1623 tenuitatem
1228 1595 1352 1642 aquae
1377 1597 1469 1625 non
1495 1578 1742 1626 sufficientis
1762 1593 1909 1621 mentum
1935 1591 1980 1634 est

47 1666 201 1694 eorum
225 1647 483 1711 respirationi
508 1680 521 1700 ,
543 1647 583 1691 ὃ(
606 1646 747 1690 salsam
772 1645 1028 1707 lympham,
1049 1649 1131 1707 qua
1161 1643 1320 1689 diutius
1343 1645 1668 1700 conservantur,
1698 1646 1744 1691 in
1760 1632 1976 1685 lymphasiaft

46 1722 136 1759 aere
159 1714 412 1759 attenuantis
430 1724 594 1774 satque
613 1710 794 1756 salinum
817 1709 1011 1768 spiritum
1027 1743 1040 1764 ‚
1067 1728 1157 1771 quo
1179 1711 1448 1768 ellychnium
1466 1712 1571 1757 vitae
1589 1711 1740 1768 alitur,

46 1776 266 1825 ebibentis.
337 1782 454 1837 Qae
472 1777 621 1822 eadem
644 1774 850 1831 causaest,
864 1774 984 1838 quod
1006 1776 1050 1820 in
1074 1780 1215 1820 Ponto
1229 1809 1241 1830 ‚
1262 1777 1380 1834 cujus
1398 1793 1487 1823 orae
1499 1776 1652 1823 crebris
1667 1777 1745 1823 flu-

45 1846 221 1892 minum
237 1846 350 1891 ostiis
362 1845 604 1898 alluuntur,
627 1859 718 1887 non
742 1841 838 1888 sunt
862 1841 1059 1895 testacea,
1083 1839 1159 1886 nifi
1172 1841 1429 1904 quibusdam
1445 1843 1490 1887 in
1514 1843 1619 1890 locis
1640 1860 1747 1906 pau-

46 1927 94 1957 ca
109 1930 120 1962 3
139 1911 199 1956 ob
221 1911 263 1955 id
277 1911 407 1956 etiam
431 1910 476 1954 in
502 1909 675 1957 Venetis
689 1907 887 1953 aestuariis
901 1906 1171 1964 observatur,
1188 1908 1358 1953 testacea
1373 1908 1555 1965 interire,
1571 1908 1745 1971 quando

47 1976 298 2023 immodicis
321 1975 478 2039 pluviis
495 1975 682 2037 palustris
693 1972 844 2018 salsedo
858 1973 1047 2019 diluitur.

116 2043 389 2105 Praecipuum
417 2042 545 2104 igitur
566 2040 747 2102 pilcium
771 2040 880 2084 intra
903 2039 1074 2085 testacea
1094 2051 1403 2086 contentorum
1424 2040 1744 2087 nutrimentum

49 2108 125 2153 erit
150 2109 330 2169 lympha
343 2108 411 2151 seu
432 2108 572 2168 liquor
595 2104 727 2149 salsus.

115 2173 281 2218 Porro&
304 2172 545 2235 supradifftis
561 2171 652 2229 jam
670 2182 811 2233 patet,
845 2186 930 2216 ova
943 2169 1219 2216 testaceorum
1240 2170 1491 2219 terrestrium
1509 2171 1554 2216 in
1569 2168 1742 2217 niallam
1763 2188 1910 2237 Tellacea
1932 2194 1985 2228 in-

42 2240 367 2303 conglomerata
386 2237 580 2283 subterra
602 2235 653 2280 ad
673 2235 828 2281 radices
839 2237 1081 2298 plantarum
1095 2235 1246 2299 saepius
1260 2238 1454 2288 inveniri,
1467 2237 1744 2284 fluviatilium
1764 2251 1816 2275 tra
1841 2252 1984 2285 terram,

46 2307 151 2351 vero
172 2316 245 2349 aut
265 2304 534 2348 marinorum
545 2301 686 2347 modo
710 2303 757 2347 in
782 2302 889 2346 testis
904 2300 1001 2364 ipsis
1013 2303 1350 2362 conchyliorum
1365 2303 1590 2359 observari,
1606 2305 1644 2349 ἃ
1654 2304 1741 2367 ple·
1761 2292 1880 2326 timum
1892 2319 1901 2333 ’
1928 2304 1988 2327 ‘¹²‘

46 2386 230 2432 rumque
254 2370 397 2415 multo
424 2370 519 2413 luto
541 2365 713 2431 aliisque
743 2365 936 2413 sordibus
964 2366 1143 2415 caenosis
1174 2382 1247 2414 aut
1274 2368 1454 2415 arenofis
1473 2368 1737 2432 interspersa,
1756 2353 1985 2433 ἕζζηώῇἒῗ

46 2434 188 2482 modi)
212 2435 313 2479 saxis
329 2434 542 2480 veteribus
553 2431 759 2496 rebusque
779 2431 991 2478 slmilibus
1010 2450 1084 2496 per
1105 2431 1292 2480 fundum
1314 2436 1442 2480 maris
1461 2433 1647 2498 dispersis
1668 2434 1739 2480 ad·
1749 2443 1952 2490 germinam.

46 2501 205 2548 haerere
219 2535 232 2556 ‚
259 2500 449 2562 adeoque
465 2500 596 2545 etiam
614 2499 905 2561 utplurimum
923 2499 1032 2544 intra
1058 2511 1236 2555 terram,
1265 2513 1339 2545 aut
1364 2502 1410 2546 in
1431 2501 1564 2556 limo,
1588 2515 1742 2560 caeno,

48 2564 252 2621 arenosis,
278 2566 405 2621 saxis,
427 2566 600 2627 aliisque
624 2565 731 2610 testis
759 2564 1007 2623 hujusmodi
1028 2565 1266 2628 quisquiliis
1296 2565 1461 2630 asperfis
1484 2568 1745 2631 germinare,

48 2630 168 2695 quod
191 2644 341 2693 praeter
371 2632 675 2676 authoritatem
707 2630 911 2689 Aristotelis
944 2629 1007 2675 lib.
1039 2645 1078 2688 5.
1104 2633 1199 2676 Hisi.
1224 2649 1286 2677 an,
1313 2646 1388 2690 cap.
1422 2648 1492 2690 15.
1515 2631 1747 2690 afferentis,

48 2695 283 2743 universim
312 2698 462 2742 omnia
483 2697 651 2742 testacea
676 2695 826 2759 sponte
841 2709 1006 2744 naturae
1027 2696 1072 2741 in
1096 2697 1206 2742 limo
1237 2696 1394 2744 diversa
1411 2716 1492 2761 pro
1516 2695 1747 2745 differentia

45 2761 144 2810 limi
169 2762 367 2810 oriuntur
390 2796 406 2820 ‚
440 2780 546 2810 nam
565 2763 612 2808 in
645 2762 818 2812 caenoso
838 2762 987 2811 ostreae
1005 2795 1020 2819 ,
1039 2762 1086 2810 in
1103 2761 1283 2811 arenosis
1305 2765 1490 2814 conchae
1502 2798 1516 2823 ,
1551 2765 1746 2828 pluribus

1586 2878 1677 2925 aliis
