<?xml version="1.0" encoding="UTF-8"?>
<!DOCTYPE html PUBLIC "-//W3C//DTD XHTML 1.0 Transitional//EN"
    "http://www.w3.org/TR/xhtml1/DTD/xhtml1-transitional.dtd">
<html xmlns="http://www.w3.org/1999/xhtml" xml:lang="en" lang="en">
 <head>
  <title>
</title>
<meta http-equiv="Content-Type" content="text/html;charset=utf-8" />
  <meta name='ocr-system' content='tesseract 3.04.00' />
  <meta name='ocr-capabilities' content='ocr_page ocr_carea ocr_par ocr_line ocrx_word'/>
</head>
<body>
  <div class='ocr_page' id='page_1' title='image "./carolinicolailan00lang_0070.png"; bbox 0 0 2251 3297; ppageno 0'>
   <div class='ocr_carea' id='block_1_1' title="bbox 452 195 1954 261">
    <p class='ocr_par' dir='ltr' id='par_1_1' title="bbox 452 195 1954 261">
     <span class='ocr_line' id='line_1_1' title="bbox 452 195 1954 261; baseline -0.001 -13"><span class='ocrx_word' id='word_1_1' title='bbox 452 208 511 257; x_wconf 79' lang='grc'>38</span> <span class='ocrx_word' id='word_1_2' title='bbox 724 197 1170 261; x_wconf 73' lang='lat' dir='ltr'>METHODUS</span> <span class='ocrx_word' id='word_1_3' title='bbox 1199 198 1599 251; x_wconf 83' lang='lat' dir='ltr'>TESTACEA</span> <span class='ocrx_word' id='word_1_4' title='bbox 1644 195 1954 250; x_wconf 76' lang='lat' dir='ltr'>MARINA</span> 
     </span>
    </p>
   </div>
   <div class='ocr_carea' id='block_1_2' title="bbox 202 299 2187 1368">
    <p class='ocr_par' dir='ltr' id='par_1_2' title="bbox 202 299 2187 1368">
     <span class='ocr_line' id='line_1_2' title="bbox 514 299 1574 369; baseline 0.001 -21"><span class='ocrx_word' id='word_1_5' title='bbox 514 314 689 348; x_wconf 86' lang='lat' dir='ltr'>crenato</span> <span class='ocrx_word' id='word_1_6' title='bbox 716 317 767 347; x_wconf 91' lang='lat' dir='ltr'>ac</span> <span class='ocrx_word' id='word_1_7' title='bbox 786 299 976 348; x_wconf 88' lang='lat' dir='ltr'>dentato.</span> <span class='ocrx_word' id='word_1_8' title='bbox 998 305 1107 348; x_wconf 86' lang='lat' dir='ltr'>Bon.</span> <span class='ocrx_word' id='word_1_9' title='bbox 1134 319 1230 369; x_wconf 85' lang='lat' dir='ltr'><strong>pag.</strong></span> <span class='ocrx_word' id='word_1_10' title='bbox 1253 316 1365 363; x_wconf 86' lang='lat'><strong>472.</strong></span> <span class='ocrx_word' id='word_1_11' title='bbox 1391 319 1434 349; x_wconf 89' lang='lat' dir='ltr'>n.</span> <span class='ocrx_word' id='word_1_12' title='bbox 1466 315 1574 364; x_wconf 83' lang='lat'>340.</span> 
     </span>
     <span class='ocr_line' id='line_1_3' title="bbox 451 366 2178 434; baseline 0.003 -19"><span class='ocrx_word' id='word_1_13' title='bbox 451 368 697 415; x_wconf 87' lang='lat' dir='ltr'>Buccinum</span> <span class='ocrx_word' id='word_1_14' title='bbox 718 367 859 425; x_wconf 79' lang='lat' dir='ltr'>majus</span> <span class='ocrx_word' id='word_1_15' title='bbox 880 368 1215 416; x_wconf 87' lang='lat' dir='ltr'>canaliculatum</span> <span class='ocrx_word' id='word_1_16' title='bbox 1237 369 1452 416; x_wconf 87' lang='lat' dir='ltr'>sulcatum</span> <span class='ocrx_word' id='word_1_17' title='bbox 1474 369 1669 417; x_wconf 84' lang='lat' dir='ltr'><strong>auritum</strong></span> <span class='ocrx_word' id='word_1_18' title='bbox 1694 366 1895 434; x_wconf 87' lang='lat' dir='ltr'>pluribus</span> <span class='ocrx_word' id='word_1_19' title='bbox 1911 367 2082 420; x_wconf 85' lang='lat' dir='ltr'>sulculis</span> <span class='ocrx_word' id='word_1_20' title='bbox 2098 368 2178 420; x_wconf 87' lang='lat' dir='ltr'>do-</span> 
     </span>
     <span class='ocr_line' id='line_1_4' title="bbox 520 433 1756 502; baseline 0 -20"><span class='ocrx_word' id='word_1_21' title='bbox 520 448 678 482; x_wconf 89' lang='lat' dir='ltr'>natum</span> <span class='ocrx_word' id='word_1_22' title='bbox 700 450 914 481; x_wconf 90' lang='lat' dir='ltr'>mucrone</span> <span class='ocrx_word' id='word_1_23' title='bbox 936 433 1155 482; x_wconf 71' lang='lat' dir='ltr'>tuberolb.</span> <span class='ocrx_word' id='word_1_24' title='bbox 1179 440 1288 483; x_wconf 91' lang='lat' dir='ltr'>Bon.</span> <span class='ocrx_word' id='word_1_25' title='bbox 1312 453 1408 502; x_wconf 84' lang='lat' dir='ltr'>pag.</span> <span class='ocrx_word' id='word_1_26' title='bbox 1429 450 1543 498; x_wconf 85' lang='lat'><strong>472.</strong></span> <span class='ocrx_word' id='word_1_27' title='bbox 1567 453 1612 483; x_wconf 86' lang='lat' dir='ltr'>n.</span> <span class='ocrx_word' id='word_1_28' title='bbox 1648 448 1756 496; x_wconf 81' lang='lat'><strong>342.</strong></span> 
     </span>
     <span class='ocr_line' id='line_1_5' title="bbox 452 499 2180 567; baseline -0.002 -17"><span class='ocrx_word' id='word_1_29' title='bbox 452 506 507 551; x_wconf 91' lang='lat' dir='ltr'>In</span> <span class='ocrx_word' id='word_1_30' title='bbox 529 500 740 549; x_wconf 88' lang='lat' dir='ltr'>omnibus</span> <span class='ocrx_word' id='word_1_31' title='bbox 770 500 1022 561; x_wconf 85' lang='lat' dir='ltr'>hujufinodi</span> <span class='ocrx_word' id='word_1_32' title='bbox 1054 501 1274 566; x_wconf 84' lang='lat' dir='ltr'><strong>speciebus</strong></span> <span class='ocrx_word' id='word_1_33' title='bbox 1310 499 1562 552; x_wconf 87' lang='lat' dir='ltr'>observatur</span> <span class='ocrx_word' id='word_1_34' title='bbox 1591 519 1730 567; x_wconf 84' lang='lat' dir='ltr'>prope</span> <span class='ocrx_word' id='word_1_35' title='bbox 1761 500 1932 549; x_wconf 85' lang='lat' dir='ltr'>labium</span> <span class='ocrx_word' id='word_1_36' title='bbox 1962 502 2050 551; x_wconf 80' lang='lat' dir='ltr'>oris</span> <span class='ocrx_word' id='word_1_37' title='bbox 2078 501 2180 550; x_wconf 84' lang='lat' dir='ltr'>fini.</span> 
     </span>
     <span class='ocr_line' id='line_1_6' title="bbox 454 566 2180 634; baseline 0.002 -19"><span class='ocrx_word' id='word_1_38' title='bbox 454 569 588 616; x_wconf 89' lang='lat' dir='ltr'>strum</span> <span class='ocrx_word' id='word_1_39' title='bbox 612 566 812 614; x_wconf 81' lang='lat' dir='ltr'>teffellula</span> <span class='ocrx_word' id='word_1_40' title='bbox 836 566 1040 631; x_wconf 89' lang='lat' dir='ltr'>quadrata</span> <span class='ocrx_word' id='word_1_41' title='bbox 1073 569 1285 634; x_wconf 83' lang='lat' dir='ltr'>nigricans</span> <span class='ocrx_word' id='word_1_42' title='bbox 1300 604 1314 626; x_wconf 86' lang='lat'><em>,</em></span> <span class='ocrx_word' id='word_1_43' title='bbox 1337 586 1438 634; x_wconf 89' lang='lat' dir='ltr'>quae</span> <span class='ocrx_word' id='word_1_44' title='bbox 1474 582 1623 616; x_wconf 88' lang='lat' dir='ltr'>autem</span> <span class='ocrx_word' id='word_1_45' title='bbox 1639 604 1652 626; x_wconf 88' lang='lat'>,</span> <span class='ocrx_word' id='word_1_46' title='bbox 1666 569 1773 616; x_wconf 76' lang='lat' dir='ltr'>cum</span> <span class='ocrx_word' id='word_1_47' title='bbox 1815 567 2103 616; x_wconf 85' lang='lat' dir='ltr'>solummodo</span> <span class='ocrx_word' id='word_1_48' title='bbox 2131 571 2180 618; x_wconf 87' lang='lat' dir='ltr'>in</span> 
     </span>
     <span class='ocr_line' id='line_1_7' title="bbox 457 634 2180 702; baseline 0 -21"><span class='ocrx_word' id='word_1_49' title='bbox 457 634 647 700; x_wconf 72' lang='lat' dir='ltr'>quadam</span> <span class='ocrx_word' id='word_1_50' title='bbox 664 635 836 680; x_wconf 80' lang='lat' dir='ltr'>macula</span> <span class='ocrx_word' id='word_1_51' title='bbox 859 635 1007 682; x_wconf 89' lang='lat' dir='ltr'>colore</span> <span class='ocrx_word' id='word_1_52' title='bbox 1026 636 1230 700; x_wconf 82' lang='lat' dir='ltr'>peculiari</span> <span class='ocrx_word' id='word_1_53' title='bbox 1247 636 1436 701; x_wconf 78' lang='lat' dir='ltr'>expressa</span> <span class='ocrx_word' id='word_1_54' title='bbox 1459 635 1680 693; x_wconf 83' lang='lat' dir='ltr'>consistat,</span> <span class='ocrx_word' id='word_1_55' title='bbox 1702 635 1914 701; x_wconf 85' lang='lat' dir='ltr'>peculiare</span> <span class='ocrx_word' id='word_1_56' title='bbox 1925 653 2059 702; x_wconf 86' lang='lat' dir='ltr'>genus</span> <span class='ocrx_word' id='word_1_57' title='bbox 2072 653 2180 685; x_wconf 82' lang='lat' dir='ltr'>con..</span> 
     </span>
     <span class='ocr_line' id='line_1_8' title="bbox 207 700 802 765; baseline 0.002 -18"><span class='ocrx_word' id='word_1_58' title='bbox 207 705 330 741; x_wconf 74' lang='lat' dir='ltr'>Macro</span> <span class='ocrx_word' id='word_1_59' title='bbox 375 701 436 738; x_wconf 73' lang='lat' dir='ltr'>ad.</span> <span class='ocrx_word' id='word_1_60' title='bbox 459 703 625 748; x_wconf 89' lang='lat' dir='ltr'>stituere</span> <span class='ocrx_word' id='word_1_61' title='bbox 641 700 802 765; x_wconf 86' lang='lat' dir='ltr'>nequit.</span> 
     </span>
     <span class='ocr_line' id='line_1_9' title="bbox 207 754 2182 841; baseline 0.003 -27"><span class='ocrx_word' id='word_1_62' title='bbox 207 754 344 840; x_wconf 48' lang='lat' dir='ltr'>”ziffm</span> <span class='ocrx_word' id='word_1_63' title='bbox 352 756 440 841; x_wconf 57' lang='lat'>“222</span> <span class='ocrx_word' id='word_1_64' title='bbox 458 771 616 815; x_wconf 87' lang='lat' dir='ltr'>Mucro</span> <span class='ocrx_word' id='word_1_65' title='bbox 634 767 882 814; x_wconf 85' lang='lat' dir='ltr'>admodum</span> <span class='ocrx_word' id='word_1_66' title='bbox 903 767 1129 833; x_wconf 85' lang='lat' dir='ltr'>elongatus</span> <span class='ocrx_word' id='word_1_67' title='bbox 1149 769 1233 826; x_wconf 89' lang='lat' dir='ltr'>est,</span> <span class='ocrx_word' id='word_1_68' title='bbox 1262 767 1369 816; x_wconf 78' lang='lat' dir='ltr'>cum</span> <span class='ocrx_word' id='word_1_69' title='bbox 1391 768 1481 830; x_wconf 83' lang='lat' dir='ltr'>ejus</span> <span class='ocrx_word' id='word_1_70' title='bbox 1504 767 1628 834; x_wconf 86' lang='lat' dir='ltr'>spirae</span> <span class='ocrx_word' id='word_1_71' title='bbox 1647 767 1670 814; x_wconf 81' lang='grc' dir='ltr'>ἐ</span> <span class='ocrx_word' id='word_1_72' title='bbox 1690 767 1817 815; x_wconf 88' lang='lat' dir='ltr'>latere</span> <span class='ocrx_word' id='word_1_73' title='bbox 1847 781 2027 816; x_wconf 86' lang='lat' dir='ltr'>externo</span> <span class='ocrx_word' id='word_1_74' title='bbox 2061 768 2182 834; x_wconf 75' lang='lat' dir='ltr'>quasi</span> 
     </span>
     <span class='ocr_line' id='line_1_10' title="bbox 219 847 2182 892; baseline 0 -11"><span class='ocrx_word' id='word_1_75' title='bbox 219 866 248 892; x_wconf 56' lang='grc' dir='ltr'>,ς</span> <span class='ocrx_word' id='word_1_76' title='bbox 491 852 573 882; x_wconf 88' lang='lat' dir='ltr'>ere</span> <span class='ocrx_word' id='word_1_77' title='bbox 617 849 657 880; x_wconf 88' lang='lat' dir='ltr'>ae</span> <span class='ocrx_word' id='word_1_78' title='bbox 750 851 856 881; x_wconf 92' lang='lat' dir='ltr'>com</span> <span class='ocrx_word' id='word_1_79' title='bbox 905 847 988 881; x_wconf 84' lang='lat' dir='ltr'>etae</span> <span class='ocrx_word' id='word_1_80' title='bbox 1023 853 1047 881; x_wconf 91' lang='lat' dir='ltr'>a</span> <span class='ocrx_word' id='word_1_81' title='bbox 1111 847 1283 892; x_wconf 88' lang='lat' dir='ltr'>areant,</span> <span class='ocrx_word' id='word_1_82' title='bbox 1309 854 1322 882; x_wconf 87' lang='grc' dir='ltr'>ι</span> <span class='ocrx_word' id='word_1_83' title='bbox 1355 853 1495 890; x_wconf 80' lang='lat' dir='ltr'>eoque</span> <span class='ocrx_word' id='word_1_84' title='bbox 1528 852 1793 883; x_wconf 87' lang='lat' dir='ltr'>mucronem</span> <span class='ocrx_word' id='word_1_85' title='bbox 1816 852 1840 881; x_wconf 88' lang='lat' dir='ltr'>a</span> <span class='ocrx_word' id='word_1_86' title='bbox 1871 852 1950 882; x_wconf 89' lang='lat' dir='ltr'>mo</span> <span class='ocrx_word' id='word_1_87' title='bbox 1984 854 2062 883; x_wconf 91' lang='lat' dir='ltr'>um</span> <span class='ocrx_word' id='word_1_88' title='bbox 2101 855 2182 885; x_wconf 76' lang='lat' dir='ltr'>on-</span> 
     </span>
     <span class='ocr_line' id='line_1_11' title="bbox 202 817 2099 900; baseline 0.001 -20"><span class='ocrx_word' id='word_1_89' title='bbox 202 817 227 854; x_wconf 66' lang='lat'><strong><em>3</em></strong></span> <span class='ocrx_word' id='word_1_90' title='bbox 355 818 376 854; x_wconf 69' lang='lat' dir='ltr'><em>q</em></span> <span class='ocrx_word' id='word_1_91' title='bbox 459 852 488 899; x_wconf 92' lang='lat' dir='ltr'>p</span> <span class='ocrx_word' id='word_1_92' title='bbox 535 833 556 881; x_wconf 90' lang='lat' dir='ltr'>f</span> <span class='ocrx_word' id='word_1_93' title='bbox 575 835 614 880; x_wconf 65' lang='lat' dir='ltr'>et</span> <span class='ocrx_word' id='word_1_94' title='bbox 684 835 725 880; x_wconf 87' lang='lat'>&amp;</span> <span class='ocrx_word' id='word_1_95' title='bbox 858 834 901 899; x_wconf 88' lang='lat' dir='ltr'>pl</span> <span class='ocrx_word' id='word_1_96' title='bbox 1048 853 1108 900; x_wconf 92' lang='lat' dir='ltr'>pp</span> <span class='ocrx_word' id='word_1_97' title='bbox 1311 834 1352 882; x_wconf 86' lang='lat' dir='ltr'>&#39;d</span> <span class='ocrx_word' id='word_1_98' title='bbox 1429 893 1439 900; x_wconf 24' lang='grc' dir='ltr'><strong><em>ἡ</em></strong></span> <span class='ocrx_word' id='word_1_99' title='bbox 1841 834 1869 881; x_wconf 93' lang='lat' dir='ltr'>d</span> <span class='ocrx_word' id='word_1_100' title='bbox 1953 835 1979 881; x_wconf 91' lang='lat' dir='ltr'>d</span> <span class='ocrx_word' id='word_1_101' title='bbox 2084 839 2099 883; x_wconf 96' lang='lat' dir='ltr'>l</span> 
     </span>
     <span class='ocr_line' id='line_1_12' title="bbox 459 899 2184 969; baseline 0.002 -22"><span class='ocrx_word' id='word_1_102' title='bbox 459 919 568 967; x_wconf 86' lang='lat' dir='ltr'>gum</span> <span class='ocrx_word' id='word_1_103' title='bbox 591 899 811 957; x_wconf 86' lang='lat' dir='ltr'>efficiant,</span> <span class='ocrx_word' id='word_1_104' title='bbox 837 901 896 948; x_wconf 87' lang='lat' dir='ltr'>ita</span> <span class='ocrx_word' id='word_1_105' title='bbox 919 914 969 948; x_wconf 89' lang='lat' dir='ltr'>ut</span> <span class='ocrx_word' id='word_1_106' title='bbox 991 901 1140 950; x_wconf 88' lang='lat' dir='ltr'>saltem</span> <span class='ocrx_word' id='word_1_107' title='bbox 1160 903 1337 969; x_wconf 83' lang='lat' dir='ltr'>reliquae</span> <span class='ocrx_word' id='word_1_108' title='bbox 1358 903 1551 951; x_wconf 77' lang='lat' dir='ltr'>cochleae</span> <span class='ocrx_word' id='word_1_109' title='bbox 1569 903 1682 968; x_wconf 86' lang='lat' dir='ltr'>parti</span> <span class='ocrx_word' id='word_1_110' title='bbox 1697 900 1848 950; x_wconf 74' lang='lat' dir='ltr'>fimjlis</span> <span class='ocrx_word' id='word_1_111' title='bbox 1863 901 1941 960; x_wconf 85' lang='lat' dir='ltr'>fit,</span> <span class='ocrx_word' id='word_1_112' title='bbox 1955 903 2027 950; x_wconf 85' lang='lat' dir='ltr'>vel</span> <span class='ocrx_word' id='word_1_113' title='bbox 2049 904 2184 955; x_wconf 86' lang='lat' dir='ltr'>etiam</span> 
     </span>
     <span class='ocr_line' id='line_1_13' title="bbox 209 961 938 1033; baseline 0.007 -21"><span class='ocrx_word' id='word_1_114' title='bbox 209 966 298 1023; x_wconf 50' lang='lat'>«¹²5⁴,</span> <span class='ocrx_word' id='word_1_115' title='bbox 341 961 434 1022; x_wconf 48' lang='lat' dir='ltr'>diffe-</span> <span class='ocrx_word' id='word_1_116' title='bbox 460 967 722 1032; x_wconf 83' lang='lat' dir='ltr'>quandoque</span> <span class='ocrx_word' id='word_1_117' title='bbox 746 968 938 1033; x_wconf 81' lang='lat' dir='ltr'>longior.</span> 
     </span>
     <span class='ocr_line' id='line_1_14' title="bbox 208 1027 2186 1101; baseline -0.001 -20"><span class='ocrx_word' id='word_1_118' title='bbox 208 1027 435 1101; x_wconf 45' lang='lat' dir='ltr'>{ZZ-‘fuzzfr</span> <span class='ocrx_word' id='word_1_119' title='bbox 458 1036 644 1082; x_wconf 86' lang='lat' dir='ltr'>Buccina</span> <span class='ocrx_word' id='word_1_120' title='bbox 665 1034 831 1093; x_wconf 83' lang='lat' dir='ltr'>majora</span> <span class='ocrx_word' id='word_1_121' title='bbox 853 1046 1009 1098; x_wconf 87' lang='lat' dir='ltr'>praeter</span> <span class='ocrx_word' id='word_1_122' title='bbox 1032 1047 1158 1081; x_wconf 87' lang='lat' dir='ltr'>notas</span> <span class='ocrx_word' id='word_1_123' title='bbox 1180 1034 1706 1099; x_wconf 58' lang='lat' dir='ltr'>Charaeteristicasinipso</span> <span class='ocrx_word' id='word_1_124' title='bbox 1725 1035 1857 1082; x_wconf 89' lang='lat' dir='ltr'>titulo</span> <span class='ocrx_word' id='word_1_125' title='bbox 1879 1034 2008 1094; x_wconf 74' lang='lat' dir='ltr'>hujus</span> <span class='ocrx_word' id='word_1_126' title='bbox 2033 1036 2186 1084; x_wconf 51' lang='grc' dir='ltr'>ίὲᾶἰοᾴ</span> 
     </span>
     <span class='ocr_line' id='line_1_15' title="bbox 207 1098 2187 1167; baseline -0.001 -15"><span class='ocrx_word' id='word_1_127' title='bbox 207 1117 279 1161; x_wconf 74' lang='lat' dir='ltr'>jora</span> <span class='ocrx_word' id='word_1_128' title='bbox 303 1115 349 1154; x_wconf 65' lang='grc' dir='ltr'>(φ</span> <span class='ocrx_word' id='word_1_129' title='bbox 373 1117 435 1150; x_wconf 71' lang='lat' dir='ltr'><strong><em>mn·-</em></strong></span> <span class='ocrx_word' id='word_1_130' title='bbox 459 1103 524 1148; x_wconf 81' lang='lat' dir='ltr'>nis</span> <span class='ocrx_word' id='word_1_131' title='bbox 537 1100 756 1167; x_wconf 82' lang='lat' dir='ltr'>affignatas</span> <span class='ocrx_word' id='word_1_132' title='bbox 770 1101 794 1146; x_wconf 78' lang='lat' dir='ltr'>a</span> <span class='ocrx_word' id='word_1_133' title='bbox 809 1100 1058 1148; x_wconf 86' lang='lat' dir='ltr'>minoribus</span> <span class='ocrx_word' id='word_1_134' title='bbox 1070 1119 1247 1167; x_wconf 90' lang='lat' dir='ltr'>quoque</span> <span class='ocrx_word' id='word_1_135' title='bbox 1261 1098 1425 1148; x_wconf 83' lang='lat' dir='ltr'>differre</span> <span class='ocrx_word' id='word_1_136' title='bbox 1436 1101 1639 1148; x_wconf 87' lang='lat' dir='ltr'>videntur</span> <span class='ocrx_word' id='word_1_137' title='bbox 1651 1119 1726 1166; x_wconf 86' lang='lat' dir='ltr'>per</span> <span class='ocrx_word' id='word_1_138' title='bbox 1749 1103 1863 1158; x_wconf 90' lang='lat' dir='ltr'>hoc,</span> <span class='ocrx_word' id='word_1_139' title='bbox 1892 1101 2014 1166; x_wconf 79' lang='lat' dir='ltr'>quod</span> <span class='ocrx_word' id='word_1_140' title='bbox 2031 1102 2078 1149; x_wconf 84' lang='lat' dir='ltr'>in</span> <span class='ocrx_word' id='word_1_141' title='bbox 2101 1103 2187 1150; x_wconf 81' lang='lat' dir='ltr'>istis</span> 
     </span>
     <span class='ocr_line' id='line_1_16' title="bbox 464 1166 2187 1232; baseline 0.001 -17"><span class='ocrx_word' id='word_1_142' title='bbox 464 1186 514 1215; x_wconf 90' lang='lat' dir='ltr'>os</span> <span class='ocrx_word' id='word_1_143' title='bbox 526 1169 783 1232; x_wconf 88' lang='lat' dir='ltr'>plerumque</span> <span class='ocrx_word' id='word_1_144' title='bbox 794 1168 968 1232; x_wconf 87' lang='lat' dir='ltr'>longius</span> <span class='ocrx_word' id='word_1_145' title='bbox 979 1166 1032 1214; x_wconf 86' lang='lat' dir='ltr'>fit</span> <span class='ocrx_word' id='word_1_146' title='bbox 1047 1185 1276 1226; x_wconf 87' lang='lat' dir='ltr'>mucrone,</span> <span class='ocrx_word' id='word_1_147' title='bbox 1297 1169 1343 1214; x_wconf 88' lang='lat' dir='ltr'>in</span> <span class='ocrx_word' id='word_1_148' title='bbox 1357 1168 1438 1214; x_wconf 85' lang='lat' dir='ltr'>illis</span> <span class='ocrx_word' id='word_1_149' title='bbox 1452 1170 1557 1215; x_wconf 82' lang='lat' dir='ltr'>vero</span> <span class='ocrx_word' id='word_1_150' title='bbox 1569 1169 1638 1215; x_wconf 91' lang='lat' dir='ltr'>vel</span> <span class='ocrx_word' id='word_1_151' title='bbox 1650 1168 1853 1215; x_wconf 89' lang='lat' dir='ltr'>mucroni</span> <span class='ocrx_word' id='word_1_152' title='bbox 1867 1169 2032 1232; x_wconf 87' lang='lat' dir='ltr'>aequale</span> <span class='ocrx_word' id='word_1_153' title='bbox 2041 1170 2187 1218; x_wconf 82' lang='lat' dir='ltr'>existat</span> 
     </span>
     <span class='ocr_line' id='line_1_17' title="bbox 208 1233 2187 1302; baseline 0.002 -21"><span class='ocrx_word' id='word_1_154' title='bbox 208 1234 359 1287; x_wconf 76' lang='lat' dir='ltr'>Qamlo</span> <span class='ocrx_word' id='word_1_155' title='bbox 374 1234 438 1292; x_wconf 65' lang='lat' dir='ltr'>fli-</span> <span class='ocrx_word' id='word_1_156' title='bbox 461 1233 735 1300; x_wconf 83' lang='lat' dir='ltr'>longitudine</span> <span class='ocrx_word' id='word_1_157' title='bbox 749 1268 764 1291; x_wconf 87' lang='lat'>,</span> <span class='ocrx_word' id='word_1_158' title='bbox 783 1236 851 1281; x_wconf 85' lang='lat' dir='ltr'>vel</span> <span class='ocrx_word' id='word_1_159' title='bbox 863 1233 1125 1299; x_wconf 87' lang='lat' dir='ltr'>quandoque</span> <span class='ocrx_word' id='word_1_160' title='bbox 1137 1236 1270 1282; x_wconf 88' lang='lat' dir='ltr'>etiam</span> <span class='ocrx_word' id='word_1_161' title='bbox 1290 1233 1529 1290; x_wconf 78' lang='lat' dir='ltr'>brevius&#39;fit</span> <span class='ocrx_word' id='word_1_162' title='bbox 1543 1268 1557 1291; x_wconf 88' lang='lat'>‚</span> <span class='ocrx_word' id='word_1_163' title='bbox 1581 1234 1679 1281; x_wconf 75' lang='lat' dir='ltr'>licet</span> <span class='ocrx_word' id='word_1_164' title='bbox 1694 1234 1856 1300; x_wconf 87' lang='lat' dir='ltr'>semper</span> <span class='ocrx_word' id='word_1_165' title='bbox 1869 1234 1963 1281; x_wconf 85' lang='lat' dir='ltr'>satis</span> <span class='ocrx_word' id='word_1_166' title='bbox 1983 1238 2187 1302; x_wconf 83' lang='lat' dir='ltr'>amplum</span> 
     </span>
     <span class='ocr_line' id='line_1_18' title="bbox 288 1296 2187 1368; baseline 0.001 -21"><span class='ocrx_word' id='word_1_167' title='bbox 288 1300 305 1322; x_wconf 82' lang='lat' dir='ltr'>r</span> <span class='ocrx_word' id='word_1_168' title='bbox 327 1296 438 1341; x_wconf 53' lang='lat' dir='ltr'>pruma</span> <span class='ocrx_word' id='word_1_169' title='bbox 461 1301 720 1347; x_wconf 84' lang='lat' dir='ltr'>observetur.</span> <span class='ocrx_word' id='word_1_170' title='bbox 761 1301 903 1347; x_wconf 88' lang='lat' dir='ltr'>Prima</span> <span class='ocrx_word' id='word_1_171' title='bbox 915 1299 1022 1364; x_wconf 85' lang='lat' dir='ltr'>spira</span> <span class='ocrx_word' id='word_1_172' title='bbox 1034 1301 1254 1366; x_wconf 79' lang='lat' dir='ltr'>insigniter</span> <span class='ocrx_word' id='word_1_173' title='bbox 1268 1301 1506 1349; x_wconf 87' lang='lat' dir='ltr'>ventricosa</span> <span class='ocrx_word' id='word_1_174' title='bbox 1520 1300 1678 1349; x_wconf 86' lang='lat' dir='ltr'>dicitur</span> <span class='ocrx_word' id='word_1_175' title='bbox 1691 1336 1706 1358; x_wconf 86' lang='lat'><em>‚</em></span> <span class='ocrx_word' id='word_1_176' title='bbox 1730 1300 1906 1366; x_wconf 87' lang='lat' dir='ltr'>quando</span> <span class='ocrx_word' id='word_1_177' title='bbox 1919 1301 2091 1368; x_wconf 88' lang='lat' dir='ltr'>reliquis</span> <span class='ocrx_word' id='word_1_178' title='bbox 2104 1302 2187 1368; x_wconf 84' lang='lat' dir='ltr'>spi-</span> 
     </span>
    </p>
   </div>
   <div class='ocr_carea' id='block_1_3' title="bbox 199 1297 1943 1434">
    <p class='ocr_par' dir='ltr' id='par_1_3' title="bbox 199 1297 1943 1434">
     <span class='ocr_line' id='line_1_19' title="bbox 199 1297 1906 1388; baseline -0.004 -6"><span class='ocrx_word' id='word_1_179' title='bbox 199 1297 290 1388; x_wconf 47' lang='lat' dir='ltr'>ffiitrz</span> <span class='ocrx_word' id='word_1_180' title='bbox 299 1335 431 1384; x_wconf 72' lang='lat' dir='ltr'>infigm-</span> <span class='ocrx_word' id='word_1_181' title='bbox 487 1370 494 1377; x_wconf 89' lang='lat'>.</span> <span class='ocrx_word' id='word_1_182' title='bbox 630 1373 639 1381; x_wconf 36' lang='grc' dir='ltr'>Α</span> <span class='ocrx_word' id='word_1_183' title='bbox 737 1372 747 1382; x_wconf 74' lang='grc'>.</span> <span class='ocrx_word' id='word_1_184' title='bbox 1085 1369 1093 1377; x_wconf 97' lang='grc'><em>.</em></span> <span class='ocrx_word' id='word_1_185' title='bbox 1311 1368 1322 1379; x_wconf 64' lang='grc'>,</span> <span class='ocrx_word' id='word_1_186' title='bbox 1711 1368 1718 1376; x_wconf 86' lang='grc'><strong>.</strong></span> <span class='ocrx_word' id='word_1_187' title='bbox 1849 1368 1857 1376; x_wconf 93' lang='grc'><strong>.</strong></span> <span class='ocrx_word' id='word_1_188' title='bbox 1899 1368 1906 1376; x_wconf 95' lang='grc'><strong>.</strong></span> 
     </span>
     <span class='ocr_line' id='line_1_20' title="bbox 209 1366 1943 1434; baseline -0.001 -19"><span class='ocrx_word' id='word_1_189' title='bbox 209 1398 425 1424; x_wconf 56' lang='lat'>2222222222</span> <span class='ocrx_word' id='word_1_190' title='bbox 463 1387 518 1415; x_wconf 84' lang='lat' dir='ltr'>r1s</span> <span class='ocrx_word' id='word_1_191' title='bbox 530 1369 600 1414; x_wconf 84' lang='lat' dir='ltr'>nul</span> <span class='ocrx_word' id='word_1_192' title='bbox 610 1369 645 1414; x_wconf 87' lang='lat' dir='ltr'>la</span> <span class='ocrx_word' id='word_1_193' title='bbox 657 1366 754 1414; x_wconf 87' lang='lat' dir='ltr'>data</span> <span class='ocrx_word' id='word_1_194' title='bbox 766 1366 883 1432; x_wconf 80' lang='lat' dir='ltr'>quasi</span> <span class='ocrx_word' id='word_1_195' title='bbox 896 1382 1184 1431; x_wconf 73' lang='lat' dir='ltr'>proportaone</span> <span class='ocrx_word' id='word_1_196' title='bbox 1196 1369 1327 1434; x_wconf 85' lang='lat' dir='ltr'>longe</span> <span class='ocrx_word' id='word_1_197' title='bbox 1340 1367 1510 1416; x_wconf 83' lang='lat' dir='ltr'>craffior</span> <span class='ocrx_word' id='word_1_198' title='bbox 1524 1370 1565 1414; x_wconf 77' lang='grc' dir='ltr'>ἃ</span> <span class='ocrx_word' id='word_1_199' title='bbox 1587 1369 1775 1432; x_wconf 75' lang='lat' dir='ltr'>amplior</span> <span class='ocrx_word' id='word_1_200' title='bbox 1792 1368 1943 1414; x_wconf 72' lang='lat' dir='ltr'>exxst1t.</span> 
     </span>
    </p>
   </div>
   <div class='ocr_carea' id='block_1_4' title="bbox 214 1437 2186 1499">
    <p class='ocr_par' dir='ltr' id='par_1_4' title="bbox 214 1437 2186 1499">
     <span class='ocr_line' id='line_1_21' title="bbox 214 1437 2186 1499; baseline 0.005 -15"><span class='ocrx_word' id='word_1_201' title='bbox 214 1437 294 1485; x_wconf 65' lang='lat' dir='ltr'>coffi·</span> <span class='ocrx_word' id='word_1_202' title='bbox 463 1446 2186 1499; x_wconf 51' lang='lat' dir='ltr'>«osaaaaaeaaaaaaazaaawaaea-a-me-</span> 
     </span>
    </p>
   </div>
   <div class='ocr_carea' id='block_1_5' title="bbox 834 1516 1788 1624">
    <p class='ocr_par' dir='ltr' id='par_1_5' title="bbox 834 1516 1788 1624">
     <span class='ocr_line' id='line_1_22' title="bbox 834 1516 1788 1624; baseline -0.001 -5"><span class='ocrx_word' id='word_1_203' title='bbox 834 1516 1513 1622; x_wconf 82' lang='lat' dir='ltr'>CLASSIS</span> <span class='ocrx_word' id='word_1_204' title='bbox 1617 1519 1788 1624; x_wconf 89' lang='lat' dir='ltr'>IV.</span> 
     </span>
    </p>
   </div>
   <div class='ocr_carea' id='block_1_6' title="bbox 789 1657 1869 1733">
    <p class='ocr_par' dir='ltr' id='par_1_6' title="bbox 789 1657 1869 1733">
     <span class='ocr_line' id='line_1_23' title="bbox 789 1657 1869 1733; baseline 0.008 -18"><span class='ocrx_word' id='word_1_205' title='bbox 789 1662 825 1715; x_wconf 84' lang='lat' dir='ltr'>s</span> <span class='ocrx_word' id='word_1_206' title='bbox 846 1663 890 1715; x_wconf 83' lang='lat' dir='ltr'>T</span> <span class='ocrx_word' id='word_1_207' title='bbox 911 1662 951 1716; x_wconf 89' lang='lat' dir='ltr'>R</span> <span class='ocrx_word' id='word_1_208' title='bbox 972 1665 1022 1717; x_wconf 87' lang='lat' dir='ltr'>o</span> <span class='ocrx_word' id='word_1_209' title='bbox 1038 1663 1099 1716; x_wconf 91' lang='lat' dir='ltr'>M</span> <span class='ocrx_word' id='word_1_210' title='bbox 1121 1664 1162 1715; x_wconf 87' lang='grc' dir='ltr'>Β</span> <span class='ocrx_word' id='word_1_211' title='bbox 1186 1665 1229 1723; x_wconf 81' lang='lat'>1.</span> <span class='ocrx_word' id='word_1_212' title='bbox 1267 1657 1869 1733; x_wconf 51' lang='lat' dir='ltr'>&amp;raubtfficbndcf&#39;eni</span> 
     </span>
    </p>
   </div>
   <div class='ocr_carea' id='block_1_7' title="bbox 470 1754 2187 1892">
    <p class='ocr_par' dir='ltr' id='par_1_7' title="bbox 470 1754 2187 1892">
     <span class='ocr_line' id='line_1_24' title="bbox 470 1754 2187 1889; baseline 0.002 -82"><span class='ocrx_word' id='word_1_213' title='bbox 470 1755 598 1889; x_wconf 82' lang='lat' dir='ltr'>ST</span> <span class='ocrx_word' id='word_1_214' title='bbox 611 1764 647 1806; x_wconf 86' lang='lat' dir='ltr'>R</span> <span class='ocrx_word' id='word_1_215' title='bbox 659 1762 704 1807; x_wconf 92' lang='lat' dir='ltr'>O</span> <span class='ocrx_word' id='word_1_216' title='bbox 715 1762 767 1807; x_wconf 83' lang='lat' dir='ltr'>M</span> <span class='ocrx_word' id='word_1_217' title='bbox 780 1765 811 1806; x_wconf 89' lang='lat' dir='ltr'>B</span> <span class='ocrx_word' id='word_1_218' title='bbox 825 1765 847 1807; x_wconf 90' lang='grc' dir='ltr'>Ι</span> <span class='ocrx_word' id='word_1_219' title='bbox 880 1759 978 1807; x_wconf 89' lang='lat' dir='ltr'>sunt</span> <span class='ocrx_word' id='word_1_220' title='bbox 999 1761 1209 1808; x_wconf 84' lang='lat' dir='ltr'>Cochleae</span> <span class='ocrx_word' id='word_1_221' title='bbox 1231 1760 1413 1807; x_wconf 80' lang='lat' dir='ltr'>marinae</span> <span class='ocrx_word' id='word_1_222' title='bbox 1435 1777 1512 1807; x_wconf 89' lang='lat' dir='ltr'>ore</span> <span class='ocrx_word' id='word_1_223' title='bbox 1524 1762 1790 1808; x_wconf 86' lang='lat' dir='ltr'>&amp;mucrone</span> <span class='ocrx_word' id='word_1_224' title='bbox 1817 1758 1948 1807; x_wconf 90' lang='lat' dir='ltr'>fimul</span> <span class='ocrx_word' id='word_1_225' title='bbox 1968 1754 2187 1825; x_wconf 74' lang='lat' dir='ltr'>insigniter</span> 
     </span>
     <span class='ocr_line' id='line_1_25' title="bbox 555 1825 2123 1892; baseline 0.002 -19"><span class='ocrx_word' id='word_1_226' title='bbox 555 1827 764 1892; x_wconf 84' lang='lat' dir='ltr'>elongatis</span> <span class='ocrx_word' id='word_1_227' title='bbox 787 1828 827 1874; x_wconf 78' lang='grc' dir='ltr'>ἃ</span> <span class='ocrx_word' id='word_1_228' title='bbox 852 1828 994 1891; x_wconf 79' lang='lat' dir='ltr'>prima</span> <span class='ocrx_word' id='word_1_229' title='bbox 1018 1826 1125 1890; x_wconf 75' lang='lat' dir='ltr'>spira</span> <span class='ocrx_word' id='word_1_230' title='bbox 1149 1826 1402 1874; x_wconf 83' lang='lat' dir='ltr'>notabiliter</span> <span class='ocrx_word' id='word_1_231' title='bbox 1423 1827 1662 1892; x_wconf 83' lang='lat' dir='ltr'>angustiore</span> <span class='ocrx_word' id='word_1_232' title='bbox 1683 1827 1819 1892; x_wconf 76' lang='lat' dir='ltr'>quam</span> <span class='ocrx_word' id='word_1_233' title='bbox 1842 1827 1890 1873; x_wconf 90' lang='lat' dir='ltr'>in</span> <span class='ocrx_word' id='word_1_234' title='bbox 1913 1825 2123 1876; x_wconf 77' lang='lat' dir='ltr'>buccinis·</span> 
     </span>
    </p>
   </div>
   <div class='ocr_carea' id='block_1_8' title="bbox 600 1922 2081 1978">
    <p class='ocr_par' dir='ltr' id='par_1_8' title="bbox 600 1922 2081 1978">
     <span class='ocr_line' id='line_1_26' title="bbox 600 1922 2081 1978; baseline -0.003 0"><span class='ocrx_word' id='word_1_235' title='bbox 600 1925 953 1978; x_wconf 83' lang='lat' dir='ltr'>TABULA</span> <span class='ocrx_word' id='word_1_236' title='bbox 989 1924 1418 1977; x_wconf 82' lang='lat' dir='ltr'>GENERICA</span> <span class='ocrx_word' id='word_1_237' title='bbox 1454 1922 2081 1976; x_wconf 85' lang='lat' dir='ltr'>TESTACEORUM</span> 
     </span>
    </p>
   </div>
   <div class='ocr_carea' id='block_1_9' title="bbox 892 2004 1784 2143">
    <p class='ocr_par' dir='ltr' id='par_1_9' title="bbox 892 2004 1784 2143">
     <span class='ocr_line' id='line_1_27' title="bbox 892 2004 1784 2079; baseline 0.001 -17"><span class='ocrx_word' id='word_1_238' title='bbox 892 2007 1073 2064; x_wconf 83' lang='lat' dir='ltr'>Claffis</span> <span class='ocrx_word' id='word_1_239' title='bbox 1097 2016 1308 2079; x_wconf 83' lang='lat' dir='ltr'>Qartae</span> <span class='ocrx_word' id='word_1_240' title='bbox 1334 2006 1489 2059; x_wconf 90' lang='lat' dir='ltr'>Partis</span> <span class='ocrx_word' id='word_1_241' title='bbox 1515 2004 1784 2063; x_wconf 72' lang='lat' dir='ltr'>Secundae·</span> 
     </span>
     <span class='ocr_line' id='line_1_28' title="bbox 1218 2093 1426 2143; baseline -0.019 0"><span class='ocrx_word' id='word_1_242' title='bbox 1218 2093 1426 2143; x_wconf 86' lang='lat' dir='ltr'>Strombi.</span> 
     </span>
    </p>
   </div>
   <div class='ocr_carea' id='block_1_10' title="bbox 1345 2177 2194 2573">
    <p class='ocr_par' dir='ltr' id='par_1_10' title="bbox 1345 2177 1945 2292">
     <span class='ocr_line' id='line_1_29' title="bbox 1345 2177 1945 2227; baseline 0.003 -2"><span class='ocrx_word' id='word_1_243' title='bbox 1345 2177 1663 2226; x_wconf 72' lang='lat' dir='ltr'>(Canaliculati</span> <span class='ocrx_word' id='word_1_244' title='bbox 1693 2178 1945 2227; x_wconf 71' lang='lat' dir='ltr'>acuminati.</span> 
     </span>
     <span class='ocr_line' id='line_1_30' title="bbox 1381 2245 1865 2292; baseline -0.004 0"><span class='ocrx_word' id='word_1_245' title='bbox 1381 2246 1663 2292; x_wconf 88' lang='lat' dir='ltr'>Canaliculati</span> <span class='ocrx_word' id='word_1_246' title='bbox 1689 2245 1865 2291; x_wconf 89' lang='lat' dir='ltr'>rostrati.</span> 
     </span>
    </p>

    <p class='ocr_par' dir='ltr' id='par_1_11' title="bbox 1350 2309 2194 2573">
     <span class='ocr_line' id='line_1_31' title="bbox 1382 2309 2194 2375; baseline 0 -17"><span class='ocrx_word' id='word_1_247' title='bbox 1382 2312 1664 2359; x_wconf 87' lang='lat' dir='ltr'>Canaliculati</span> <span class='ocrx_word' id='word_1_248' title='bbox 1688 2310 1851 2358; x_wconf 89' lang='lat' dir='ltr'>rostrati</span> <span class='ocrx_word' id='word_1_249' title='bbox 1873 2329 1947 2358; x_wconf 89' lang='lat' dir='ltr'>ore</span> <span class='ocrx_word' id='word_1_250' title='bbox 1971 2309 2194 2375; x_wconf 84' lang='lat' dir='ltr'>anguloso.</span> 
     </span>
     <span class='ocr_line' id='line_1_32' title="bbox 1382 2376 2161 2428; baseline -0.001 -3"><span class='ocrx_word' id='word_1_251' title='bbox 1382 2377 1666 2426; x_wconf 86' lang='lat' dir='ltr'>Canaliculati</span> <span class='ocrx_word' id='word_1_252' title='bbox 1693 2377 1857 2424; x_wconf 87' lang='lat' dir='ltr'>rostrati</span> <span class='ocrx_word' id='word_1_253' title='bbox 1884 2395 1960 2428; x_wconf 84' lang='lat' dir='ltr'>ore</span> <span class='ocrx_word' id='word_1_254' title='bbox 1977 2376 2161 2425; x_wconf 87' lang='lat' dir='ltr'>labioso.</span> 
     </span>
     <span class='ocr_line' id='line_1_33' title="bbox 1382 2442 2110 2507; baseline -0.001 -16"><span class='ocrx_word' id='word_1_255' title='bbox 1382 2446 1539 2492; x_wconf 89' lang='lat' dir='ltr'>Sulcati</span> <span class='ocrx_word' id='word_1_256' title='bbox 1559 2462 1633 2491; x_wconf 89' lang='lat' dir='ltr'>ore</span> <span class='ocrx_word' id='word_1_257' title='bbox 1655 2442 1856 2507; x_wconf 87' lang='lat' dir='ltr'>fimplici.</span> <span class='ocrx_word' id='word_1_258' title='bbox 2108 2463 2110 2465; x_wconf 93' lang='lat'>·</span> 
     </span>
     <span class='ocr_line' id='line_1_34' title="bbox 1350 2508 1831 2573; baseline 0 -16"><span class='ocrx_word' id='word_1_259' title='bbox 1350 2511 1538 2573; x_wconf 62' lang='lat' dir='ltr'>[Sulcati</span> <span class='ocrx_word' id='word_1_260' title='bbox 1554 2528 1630 2559; x_wconf 89' lang='lat' dir='ltr'>ore</span> <span class='ocrx_word' id='word_1_261' title='bbox 1650 2508 1831 2558; x_wconf 90' lang='lat' dir='ltr'>labioso.</span> 
     </span>
    </p>
   </div>
   <div class='ocr_carea' id='block_1_11' title="bbox 577 2381 1070 2448">
    <p class='ocr_par' dir='ltr' id='par_1_12' title="bbox 577 2381 1070 2448">
     <span class='ocr_line' id='line_1_35' title="bbox 577 2381 1070 2448; baseline -0.002 -18"><span class='ocrx_word' id='word_1_262' title='bbox 577 2385 669 2430; x_wconf 84' lang='lat' dir='ltr'>Ore</span> <span class='ocrx_word' id='word_1_263' title='bbox 696 2381 883 2448; x_wconf 84' lang='lat' dir='ltr'>superius</span> <span class='ocrx_word' id='word_1_264' title='bbox 909 2395 1070 2446; x_wconf 84' lang='lat' dir='ltr'>aperto.</span> 
     </span>
    </p>
   </div>
   <div class='ocr_carea' id='block_1_12' title="bbox 1349 2347 1361 2518">
    <p class='ocr_par' dir='ltr' id='par_1_13' title="bbox 1349 2347 1361 2518">
     <span class='ocr_line' id='line_1_36' title="bbox 1349 2347 1361 2518; baseline 0 0"><span class='ocrx_word' id='word_1_265' title='bbox 1349 2347 1361 2518; x_wconf 95' lang='lat' dir='ltr'> </span> 
     </span>
    </p>
   </div>
   <div class='ocr_carea' id='block_1_13' title="bbox 583 2640 2129 2893">
    <p class='ocr_par' dir='ltr' id='par_1_14' title="bbox 583 2640 2129 2893">
     <span class='ocr_line' id='line_1_37' title="bbox 1355 2640 1704 2709; baseline 0.006 -20"><span class='ocrx_word' id='word_1_266' title='bbox 1355 2640 1384 2689; x_wconf 85' lang='grc' dir='ltr'>Γ</span> <span class='ocrx_word' id='word_1_267' title='bbox 1386 2645 1477 2691; x_wconf 89' lang='lat' dir='ltr'>Ore</span> <span class='ocrx_word' id='word_1_268' title='bbox 1503 2642 1704 2709; x_wconf 79' lang='lat' dir='ltr'>simplici.</span> 
     </span>
     <span class='ocr_line' id='line_1_38' title="bbox 584 2690 1688 2778; baseline -0.004 -18"><span class='ocrx_word' id='word_1_269' title='bbox 584 2715 675 2760; x_wconf 87' lang='lat' dir='ltr'>Ore</span> <span class='ocrx_word' id='word_1_270' title='bbox 696 2712 884 2777; x_wconf 83' lang='lat' dir='ltr'>superius</span> <span class='ocrx_word' id='word_1_271' title='bbox 906 2711 1047 2760; x_wconf 84' lang='lat' dir='ltr'>clauso</span> <span class='ocrx_word' id='word_1_272' title='bbox 1065 2709 1137 2760; x_wconf 72' lang='lat' dir='ltr'>seu</span> <span class='ocrx_word' id='word_1_273' title='bbox 1149 2712 1331 2778; x_wconf 84' lang='lat' dir='ltr'>integro:</span> <span class='ocrx_word' id='word_1_274' title='bbox 1355 2690 1364 2771; x_wconf 71' lang='grc' dir='ltr'>Ι</span> <span class='ocrx_word' id='word_1_275' title='bbox 1386 2713 1477 2757; x_wconf 85' lang='lat' dir='ltr'>Ore</span> <span class='ocrx_word' id='word_1_276' title='bbox 1508 2709 1688 2757; x_wconf 87' lang='lat' dir='ltr'>labioso.</span> 
     </span>
     <span class='ocr_line' id='line_1_39' title="bbox 583 2771 2012 2846; baseline -0.006 -18"><span class='ocrx_word' id='word_1_277' title='bbox 583 2780 743 2846; x_wconf 86' lang='lat' dir='ltr'>Integri</span> <span class='ocrx_word' id='word_1_278' title='bbox 768 2778 951 2827; x_wconf 85' lang='lat' dir='ltr'>dicendi.</span> <span class='ocrx_word' id='word_1_279' title='bbox 1350 2775 1472 2842; x_wconf 66' lang='lat' dir='ltr'>[Ore</span> <span class='ocrx_word' id='word_1_280' title='bbox 1499 2775 1725 2825; x_wconf 85' lang='lat' dir='ltr'>fimbriato</span> <span class='ocrx_word' id='word_1_281' title='bbox 1751 2775 1793 2822; x_wconf 76' lang='grc' dir='ltr'>ἃ</span> <span class='ocrx_word' id='word_1_282' title='bbox 1822 2771 2012 2821; x_wconf 88' lang='lat' dir='ltr'>dentato.</span> 
     </span>
     <span class='ocr_line' id='line_1_40' title="bbox 1850 2844 2129 2893; baseline 0.004 -1"><span class='ocrx_word' id='word_1_283' title='bbox 1850 2844 2068 2893; x_wconf 87' lang='lat' dir='ltr'>SECTIO</span> <span class='ocrx_word' id='word_1_284' title='bbox 2091 2846 2129 2893; x_wconf 87' lang='lat'>1.</span> 
     </span>
    </p>
   </div>
  </div>
 </body>
</html>
