2251 3297
398 230 786 276 PRAEFATIO
819 230 1243 277 ISAGOGICA
1600 226 1739 277 XVII

34 343 110 374 am
130 325 471 371 Porcellanarum
498 323 649 387 species
686 321 738 368 ad
772 321 986 369 turbinata
1019 325 1299 388 pertinerent,
1323 319 1390 367 sed
1422 318 1738 367 tantummodo

37 393 133 437 talia
155 391 349 446 testacea,
372 406 471 454 quae
494 391 516 435 e
540 388 656 453 spiris
676 387 902 434 manifestis
919 391 960 435 ὃ(
980 389 1242 435 sensibilibus
1266 387 1480 441 constant,
1501 403 1600 449 quae
1615 383 1739 432 &basi

36 457 182 503 latiore
193 457 401 520 paulatim
420 456 691 501 cochlearum
712 455 757 499 in
780 453 969 500 modum
979 455 1220 500 sensibiliter
1233 455 1547 515 intorquentur,
1565 453 1605 497 ἃ
1623 450 1736 497 obli-

36 526 120 586 qua
143 521 212 567 sua
239 521 629 569 circumvolutione
649 520 857 583 paulatim
881 522 1213 575 contrahuntur,
1228 537 1276 566 ac
1297 520 1343 564 in
1360 530 1543 564 acumen
1560 515 1628 562 seu
1641 533 1739 563 mu-

35 604 213 634 cronem
225 587 440 651 quendam
453 586 752 632 acuminatum
766 584 963 631 desinunt
979 619 991 640 ,
1008 584 1384 649 quemadmodum
1395 582 1593 629 videmus
1609 581 1744 628 turbi-

33 670 106 699 nes
119 664 210 698 tam
220 654 323 699 aeris
344 653 703 715 quamaquarum
724 649 923 708 formari,
947 652 1138 715 aquibus
1151 649 1393 697 turbinibus
1406 648 1589 696 verbum
1610 647 1746 694 turbi-

35 731 190 766 natum
222 718 436 782 originem
469 716 590 763 suam
612 714 774 763 traxiffe
787 718 959 764 volunt.

97 782 361 831 Notandum
373 783 568 846 septimo.
640 782 897 843 Qamlibet
917 795 1084 847 partem
1108 782 1155 829 in
1175 781 1264 828 suas
1280 780 1415 829 claffes
1432 779 1595 836 dividi,
1631 797 1733 842 qua·
1752 787 1983 841 Quaetibaeo

35 865 137 897 rum
155 848 332 895 cuilibet
353 848 516 912 semper
530 846 800 913 subjungitur
815 848 984 895 Tabula
1006 847 1210 914 quaedam
1225 848 1415 912 generica
1424 847 1575 894 omnia
1584 863 1732 910 genera
1747 853 1827 900 pars
1867 838 1974 889 P⁰st⁶⁴

35 915 83 962 in
94 916 167 961 tali
188 913 301 961 claffi
317 926 520 961 contenta
529 913 789 979 unico'quafi
801 914 904 961 ictui
915 916 1033 962 oculi
1051 913 1179 961 simul
1190 913 1497 977 repraesentans.
1749 883 1984 986 ’J'bsszssffc‘lffstsx

100 980 363 1028 Notandum
384 981 556 1025 oeravb.
591 979 731 1027 Usum
751 980 966 1044 praesentis
988 979 1184 1026 methodi
1204 978 1282 1026 effe
1297 979 1552 1042 sequentem.
1603 977 1642 1022 Si
1661 976 1735 1021 ali-
1756 991 1844 1036 usus
1854 986 1983 1038 praefien-

35 1045 156 1108 quod
180 1047 406 1093 testaceum
433 1044 639 1091 obveniat
660 1077 675 1100 ‚
699 1046 838 1091 statim
871 1045 1177 1109 inquirendum
1203 1046 1307 1101 erit,
1343 1045 1395 1090 ad
1418 1045 1588 1108 qualem
1610 1043 1734 1101 hujus
1753 1045 1797 1079 tis
1829 1036 1981 1074 methodi.

36 1112 235 1158 methodi
256 1123 422 1176 partem
434 1111 664 1174 pertineat,
699 1109 797 1156 dein
811 1110 863 1155 ad
885 1112 1056 1174 qualem
1073 1110 1233 1156 claffim
1246 1145 1258 1165 ‚
1280 1111 1421 1172 postea
1443 1107 1731 1155 mediantibus

35 1176 318 1233 sectionibus,
344 1193 444 1240 quae
463 1176 560 1221 sunt
578 1187 784 1238 tanquam
805 1187 875 1221 tot
894 1175 1276 1230 manuductiones,
1295 1173 1495 1221 facillime
1516 1191 1647 1238 genus
1670 1173 1734 1217 in-

36 1242 270 1299 dicabitur,
292 1240 346 1288 ad
367 1240 489 1305 quod
507 1239 801 1286 reducendum
818 1241 924 1298 erit,
949 1259 1040 1304 quo
1061 1241 1239 1287 invento
1252 1240 1410 1304 reliqua
1434 1239 1595 1285 testacei
1627 1238 1735 1285 acci-

38 1308 179 1357 dentia
197 1307 388 1371 specifica
411 1320 503 1353 tam
525 1307 740 1351 strufflrrae
762 1308 896 1369 quam
925 1307 1083 1354 coloris
1110 1305 1255 1352 sedulo
1267 1304 1563 1370 perpendenda
1593 1316 1733 1358 erunt,

37 1389 137 1436 quae
159 1372 193 1418 fi
210 1375 297 1429 jam
319 1372 473 1418 fuerint
491 1371 719 1435 descripta,
747 1373 863 1418 nulla
882 1373 963 1419 alia
981 1370 1460 1437 indigebuntindagine‚
1474 1369 1618 1416 sivero
1645 1385 1735 1414 non

37 1438 194 1485 fuerint
206 1439 433 1502 descripta,
456 1437 506 1483 de
522 1453 644 1482 novo
665 1437 917 1501 exponenda
930 1450 1054 1484 erunt
1071 1471 1085 1492 ‚
1113 1439 1152 1484 ὃ(
1177 1438 1403 1483 testaceum
1425 1437 1486 1481 illi
1508 1435 1646 1500 generi
1664 1451 1736 1479 an-

37 1504 356 1551 numerandum
369 1537 383 1559 ‚
408 1502 462 1549 ad
482 1501 602 1566 quod
621 1505 827 1565 pertinere
847 1503 1018 1550 videtu-r
1038 1537 1052 1558 ‚
1086 1520 1175 1566 quo
1189 1520 1304 1548 nova
1338 1503 1616 1549 testaceorum
1648 1499 1735 1564 spe-

38 1570 123 1617 cies
133 1570 412 1617 constituetur
428 1570 627 1615 hactenus
639 1585 732 1614 non
748 1567 950 1633 descripta
967 1586 1103 1633 neque
1121 1569 1342 1616 inculcata.

805 1656 862 1744 ς.
908 1661 986 1723 v.

45 1777 249 1823 Varietates
265 1775 460 1825 Hrudlurae
468 1777 708 1836 testaceorum
723 1774 973 1835 pereleganter
993 1774 1018 1819 ἀ
1036 1773 1157 1820 Plinio
1175 1785 1435 1834 proponuntur
1447 1809 1460 1831 ,
1486 1774 1510 1818 ἀ
1525 1771 1629 1820 nobis
1647 1775 1736 1820 vere

166 1844 271 1887 varii
291 1839 425 1887 colores
438 1840 628 1907 bucusque
646 1846 688 1888 in
703 1845 751 1887 iis
770 1840 955 1900 observati
975 1839 1105 1887 ordine
1124 1839 1345 1900 alphabetico
1357 1840 1603 1898 recenftntur.

41 1928 365 2028 PLINIUS
381 1952 455 2000 lib.
472 1969 515 2009 9.
532 1971 622 2020 cap.
654 1969 724 2014 33.
747 1955 966 2003 varietates
985 1955 1202 2001 struffmrae
1224 1955 1500 2001 testaceorum
1531 1954 1737 2020 sequenti-

112 2019 194 2065 bus
217 2018 531 2083 elegantissimis
549 2021 688 2067 verbis
713 2022 916 2084 exponit:
933 2022 1213 2067 Concharum
1224 2037 1373 2085 genera
1384 2056 1397 2077 ‚
1411 2022 1552 2084 inquit
1564 2053 1578 2075 r
1590 2023 1634 2067 in
1646 2022 1737 2085 qui·
1754 2037 1937 2078 Strunurae

42 2084 124 2131 bus
148 2085 256 2129 mira
279 2083 461 2129 ludentis
483 2101 648 2132 naturae
663 2088 838 2132 varietas
851 2121 866 2142 ‚
890 2099 956 2132 tot
978 2087 1180 2132 colorum
1193 2083 1441 2134 differentiae
1453 2122 1466 2143 ,
1491 2099 1559 2133 tot
1571 2085 1737 2151 figurae,
1752 2089 1958 2135 testaceorum

44 2150 182 2214 planis
196 2184 209 2206 ‚
228 2149 427 2195 concavis
442 2183 456 2205 ,
476 2150 643 2216 longis,
658 2152 840 2208 lunatis,
864 2152 911 2197 in
933 2150 1088 2197 orbern
1109 2152 1375 2201 circumactis
1396 2186 1409 2208 ‚
1431 2151 1616 2198 dimidio
1638 2152 1744 2199 orbe
1760 2152 1895 2225 exterzae
1915 2144 1980 2198 ΒΨ

42 2213 160 2262 caefis
175 2248 190 2271 ‚
212 2215 259 2260 in
280 2213 454 2260 dorsum
465 2216 582 2263 elatis
593 2250 612 2274 ,
630 2217 837 2274 laevibus,
854 2218 1012 2283 rugatis
1024 2250 1038 2272 ,
1066 2216 1332 2263 denticulatis
1345 2251 1358 2271 ‚
1389 2218 1534 2264 striatis
1550 2252 1564 2274 ‚
1587 2219 1743 2264 vertice
1754 2204 1842 2277 {fin}
1858 2191 1982 2276 ἑζζῖζ

43 2280 295 2328 muricatim
306 2280 680 2346 intorto‚margine
690 2284 740 2328 in.
749 2299 1008 2329 mucronem
1019 2283 1103 2329 emi
1108 2281 1287 2337 ss0‚f0ris
1298 2280 1563 2340 effuso‚intus
1575 2285 1748 2348 replica-

42 2359 117 2398 τος
145 2347 234 2405 jam
256 2344 522 2393 distinetione
547 2349 781 2412 virgulata,
804 2349 980 2405 crinita,
1012 2349 1171 2411 crispa,
1202 2350 1538 2406 canaliculatim‚
1562 2351 1748 2413 pectina-

43 2414 152 2466 tim,
175 2409 441 2457 imbricatim
456 2412 638 2469 undata‚
658 2415 923 2462 cancellatim
933 2414 1172 2469 reticulata,
1189 2414 1235 2459 in
1256 2412 1515 2478 obliquum,
1527 2415 1574 2461 in
1584 2416 1751 2464 testum

48 2480 230 2540 expansa
262 2510 277 2532 ‚
308 2476 570 2540 praedensata
585 2511 599 2533 ‚
622 2481 812 2543 porrecta
828 2514 841 2536 ‚
859 2478 1046 2525 sinuata:
1073 2479 1194 2526 brevi
1225 2478 1347 2526 nodo
1381 2482 1541 2545 ligatis,
1569 2493 1667 2527 toto
1688 2482 1748 2528 la-

46 2555 131 2589 tere
147 2542 368 2598 connexis,
386 2541 438 2588 ad
482 2542 648 2592 lausum
662 2545 827 2609 apertis,
842 2544 894 2590 ad
906 2545 1143 2597 buccinum
1154 2545 1353 2592 incurvis.
1365 2549 1436 2593 De
1447 2564 1535 2610 quo
1547 2547 1666 2610 plura
1679 2548 1750 2594 hic

46 2605 238 2654 addenda
266 2624 359 2653 non
378 2560 559 2668 judico,
600 2610 705 2657 cum
731 2612 778 2657 in
797 2609 1062 2674 subsequenti
1093 2609 1306 2657 methodo
1326 2612 1373 2658 in
1391 2611 1581 2676 qualibet
1614 2612 1747 2676 specie

50 2668 282 2720 differentia
305 2673 544 2733 structurae,
561 2679 647 2740 qua
669 2675 722 2723 ab
745 2676 836 2722 aliis
859 2675 1156 2741 distinguitur,
1182 2675 1403 2741 diligenter
1422 2676 1611 2724 addatur.

112 2736 267 2801 Longe
287 2739 425 2800 plures
442 2753 597 2791 autem.
611 2743 828 2793 varietates
849 2741 1061 2806 specificas
1097 2742 1142 2790 in
1168 2742 1349 2793 testaceis
1370 2743 1637 2809 suppeditant
1659 2747 1740 2793 ele·
1752 2759 1913 2805 Plurimf
1920 2758 1985 2807 dif-

852 2855 932 2916 (0>
1645 2877 1745 2924 gan-2
