2251 3297
456 210 853 260 PRAEFATIO
884 210 1319 261 ISAGOGICA.
1617 219 1785 272 xxm

150 305 522 370 Elegantiffimum
542 309 628 356 hoc
646 309 835 375 aenigma
852 309 1025 376 vulgate
1045 310 1094 356 in
1116 309 1329 374 sequentes
1341 309 1495 360 latinos
1508 314 1648 362 versus
1672 328 1782 365 tran-

88 367 202 418 stuht
215 374 397 423 Amicus
420 373 598 439 quidam
616 374 895 425 Chariffimus
921 379 963 424 ὃ(
985 375 1284 426 Βοᾶἰίῖιιῐιιις,

534 499 1354 601 ᾹΞΝΙΟΜΑ.

134 664 556 741 Qarumnam
597 654 1016 722 creaturarum
1059 660 1340 728 nativitas
1379 665 1440 730 &
1468 689 1630 736 mors
1657 675 1728 741 fic

235 744 551 803 mirabilior,
574 745 626 796 δε
648 757 886 812 quaenam'
912 746 1197 798 naturalem
1224 747 1366 803 suam
1390 755 1619 819 pulchri.

359 810 797 877 tudinem,quam
815 807 1137 874 possederunt
1164 814 1322 874 vivae,
1349 819 1504 874 etiam

515 877 612 943 post
628 889 822 926 mortem
843 878 1077 927 constanter
1097 882 1338 934 retineant?

80 1054 255 1153 Cum
280 1071 489 1126 quoque
510 1054 757 1126 dispereat
782 1049 948 1110 subito
971 1055 1087 1126 post
1109 1052 1211 1112 fata
1232 1062 1458 1119 venustas
1464 1073 1486 1126 ‚'

165 1123 395 1176 Floribus
409 1122 480 1174 est
492 1121 693 1175 similis,
716 1138 844 1188 quos
868 1124 968 1173 cita
988 1126 1134 1174 Parca
1159 1129 1317 1178 necat.

77 1191 151 1242 At
174 1207 269 1240 nos
287 1187 586 1253 exemplum
608 1188 800 1239 cunctis
826 1186 935 1240 vult
957 1186 1053 1239 effe
1076 1192 1280 1244 creatis,

144 1257 213 1308 Ut
237 1252 362 1322 quid
384 1270 478 1319 par
500 1252 653 1304 nobis
684 1269 794 1303 non
817 1250 876 1303 fit
900 1254 955 1303 in
980 1254 1130 1312 orbe,
1154 1257 1309 1308 Deus.

75 1323 184 1373 Nos
199 1356 213 1378 ‚
231 1318 380 1372 nudae
390 1317 512 1370 cum
534 1316 656 1377 fint,
682 1332 849 1370 uterus
872 1334 994 1382 quas
1019 1336 1257 1383 procreat
1279 1340 1488 1387 omnes,

140 1388 354 1438 Parturit
378 1382 578 1436 indutas
601 1401 744 1435 arma
767 1382 990 1436 domum
1029 1402 1091 1435 ue
1112 1401 1307 1453 parens

74 1451 220 1503 Miris
248 1449 499 1502 distinstae
519 1447 722 1507 formis,
747 1452 800 1502 ὅ(
823 1447 962 1508 mille
1024 1467 1189 1517 gurm,

138 1516 410 1569 Nascimur
431 1528 625 1566 ornatae
653 1514 839 1566 nullius
862 1517 979 1566 artis
996 1533 1109 1580 ope.

71 1581 294 1649 lpsemet
316 1595 372 1633 ut
394 1580 550 1634 viCtus
573 1595 784 1646 cogatur
807 1580 990 1632 cedere
1011 1581 1231 1642 XeuxiS,
1304 1643 1306 1645 ,
1394 1643 1399 1647 .

136 1646 339 1698 Nescius
363 1645 547 1697 artifici
575 1647 785 1715 pingere
810 1659 945 1697 tanta
972 1664 1144 1699 manu.

67 1711 222 1765 Haud
248 1710 448 1763 dudum
472 1710 680 1770 durant,
711 1727 828 1779 quae
849 1711 1048 1765 Chloris
1074 1714 1224 1776 jaCtat
1246 1717 1302 1767 in
1322 1714 1511 1775 hortis,

134 1779 229 1830 His
252 1776 437 1830 eadem
461 1777 623 1830 vitam
646 1776 833 1838 datque
857 1779 1081 1846 rapitque
1105 1778 1224 1833 dies.

68 1842 383 1911 Principibus
407 1856 582 1910 gratos
601 1841 734 1894 solet
757 1842 1008 1895 ostentare
1034 1843 1270 1906 decores,
1326 1900 1329 1903 ,

133 1908 283 1961 Flora
320 1909 530 1977 quidem
544 1944 559 1967 ‚
582 1906 670 1961 sed
692 1923 821 1976 quos
841 1908 1028 1962 fortior
1053 1928 1172 1963 aura
1193 1914 1307 1964 ruit.

68 1975 180 2026 Nos
205 1990 472 2043 nunquam
496 1972 750 2027 cadimus,
775 1990 868 2026 nos
892 1976 1066 2028 tertius
1088 1977 1222 2029 inter
1244 1979 1425 2038 avitas,

135 2040 350 2091 Miratur
375 2055 524 2106 gazas
548 2038 733 2092 ordine
759 2038 886 2105 saepe
910 2043 1102 2110 Nepos.
1367 2062 1372 2069 ’

68 2105 178 2156 Nos
203 2104 534 2156 Ornamentis
559 2105 679 2156 fecit
702 2118 879 2155 natura
905 2105 1170 2174 superbos,

133 2173 261 2235 Qae
284 2184 489 2239 quoque
513 2168 627 2236 post
648 2182 877 2222 mortem
896 2188 1006 2223 non
1029 2171 1218 2224 violata
1242 2173 1430 2243 vigent.

65 2233 468 2288 Nostralatentfi
527 2253 647 2287 uem
661 2235 763 2288 fors
776 2236 992 2288 nomina
1009 2238 1260 2304 testaque,
1287 2239 1412 2306 quid
1436 2238 1497 2294 fit

131 2302 312 2360 Dicat,
335 2300 479 2367 quod
542 2315 681 2362 oret,
706 2300 833 2356 dum
849 2303 1029 2368 gravis
1049 2303 1230 2357 horret
1256 2308 1454 2373 Hyems
1471 2310 1495 2356 ἓ

816 2495 998 2557 &iffa

1387 2818 1663 2886 INDEX
