2251 3297
443 228 838 278 PRAEFATIO
871 234 1306 281 ISAGOGICA.
1673 235 1748 288 XI

46 326 211 394 stigatio
223 339 416 374 accurata
423 328 666 391 plurimum
680 325 843 375 confert
852 326 904 373 ad
915 328 1198 393 osteologiam
1210 326 1520 393 explicandam.

113 396 298 452 Qarto.
323 393 549 452 Qaslibet
560 393 864 440 minutiffimas
877 394 1040 440 testulas
1066 397 1087 453 (
1107 397 1294 459 exceptis
1311 395 1408 442 solis
1429 392 1739 451 exterioribus)
1757 425 1875 461 Motus
1906 426 1982 462 mi,

46 459 272 524 produ&as
285 458 400 504 fuisse
412 459 519 505 inter
539 459 795 505 exteriorem
808 458 953 505 testam
965 492 980 515 ,
1004 460 1044 505 ὅ(
1055 459 1197 523 ipfiun
1213 462 1407 507 animalis
1419 478 1574 524 corpus
1587 494 1601 516 ,
1615 464 1654 508 ὅ(
1666 479 1739 526 per
1758 476 1852 509 matio
1862 477 1899 512 &
1915 487 1984 512 ma·

44 525 304 587 consequens
322 523 477 588 figuras
490 525 578 570 suas
589 525 713 570 nona
731 524 770 570 se
787 523 886 588 ipfis
898 559 912 581 ,
939 524 1006 571 sed
1027 526 1050 570 a
1066 526 1168 572 loco
1185 525 1371 573 habuiffe
1392 560 1407 583 ‚
1432 526 1544 573 unde
1574 529 1739 584 evenit,
1757 526 1841 579 teria
1870 526 1904 558 ¹³¹
1932 536 1983 581 fe-

44 603 226 638 motum
241 591 435 636 animalis
449 592 489 636 ὅ(
511 589 703 637 materiae
714 591 913 654 copiam,
926 607 1017 637 non
1031 593 1126 638 raro
1148 593 1338 657 aliquam
1350 593 1397 640 in
1418 593 1560 639 ostreis
1588 571 1906 670 figmaessgssass
1908 586 1931 623 p
1927 584 1985 659 ἷζε

44 658 293 704 varietatem
304 654 469 701 efficere
482 654 622 702 solere.
1760 674 1952 715 terminum,
1982 668 1984 671 ’

109 725 179 768 De
195 721 386 766 maxime
406 723 512 767 vero
529 724 698 767 externa
709 720 854 767 testula
865 718 1051 769 dubitari
1073 723 1235 786 potest,
1269 739 1324 769 an
1345 722 1540 770 ambiens
1559 723 1747 774 fluidum

46 788 151 834 aeris
171 786 428 832 exteriorem
450 787 539 845 ejus
567 786 835 851 superficiem
867 788 1053 853 tetigerit
1072 820 1087 843 ‚
1110 805 1165 834 an
1182 791 1287 835 vero
1309 790 1448 853 aliqua
1469 789 1749 837 membranu-

46 852 88 898 la
107 853 215 898 testa
231 850 356 898 fuerit
379 853 401 898 ’ἐ
425 851 640 916 Equidem
659 854 746 900 hoc
775 853 981 917 posterius
1003 854 1176 900 tantum
1191 871 1345 901 verum
1365 854 1442 902 effe
1458 854 1609 913 credo,
1627 854 1750 919 quod

47 918 257 965 omnium
268 919 447 964 aliarum
457 919 701 966 testularum
717 917 870 975 fibras,
898 937 989 983 quo
1001 931 1199 985 tempore
1218 922 1513 968 concreverint
1529 955 1544 978 ,
1579 920 1635 967 ab
1657 938 1750 968 am-

47 983 192 1032 biente
210 983 347 1029 fluido
361 1001 451 1029 non
475 985 602 1031 tastas
614 983 731 1031 fuiffe
747 984 1073 1049 videturtquod
1095 987 1141 1032 in
1163 985 1329 1033 hirsutis
1352 988 1515 1033 chamis
1538 985 1659 1033 distis
1678 987 1751 1032 ali.

47 1049 170 1113 quod
186 1062 390 1112 tanquam
401 1050 573 1096 corium
585 1050 838 1096 extrinsecus
850 1051 1170 1114 superinjicitur.
1206 1051 1285 1097 Sed
1308 1054 1520 1115 quaeritur
1536 1051 1588 1098 de
1611 1070 1654 1099 re
1673 1051 1755 1098 fere

48 1113 229 1162 insenfili
245 1117 284 1161 &
298 1114 382 1161 dici
394 1115 531 1177 potest
542 1148 557 1171 ‚
580 1114 707 1163 fibras
718 1116 874 1177 primae
889 1117 1055 1162 testulae
1068 1117 1241 1162 tantum
1250 1117 1463 1163 induratas
1476 1117 1591 1164 fuisse
1603 1152 1617 1174 ‚
1644 1117 1752 1164 dum
1771 1137 1894 1174 ‘Prima
1911 1135 1988 1186 „stae

51 1180 193 1227 adhuc
217 1181 263 1226 in
287 1197 378 1227 ovo
399 1180 536 1226 latuit.
605 1181 784 1226 Constat
815 1180 934 1226 enim
953 1181 1213 1245 experientia
1236 1183 1368 1228 ostrea
1390 1217 1403 1239 ‚
1425 1180 1587 1246 aliaque
1611 1184 1752 1230 testata
1771 1188 1837 1244 jam
1865 1191 1900 1223 in
1932 1201 1990 1225 ονο

51 1246 251 1293 animalia
266 1263 319 1292 ex
334 1246 430 1291 ovis
450 1245 561 1292 nasci
575 1277 588 1296 ,
613 1247 652 1291 ὃ(
670 1262 761 1292 non
772 1247 794 1290 a
807 1245 977 1309 putrida
988 1247 1177 1293 materia.
1243 1249 1460 1294 Haeremus
1475 1252 1600 1295 steno.
1770 1237 1961 1275 anduramr.

118 1315 270 1372 Qem
281 1324 426 1357 autern
438 1312 595 1357 merito
607 1311 767 1375 excipit
780 1313 819 1357 ἃ
831 1310 976 1358 firmat
991 1311 1347 1375 Leuvvenhoeckius
1351 1324 1451 1372 part.
1473 1329 1490 1360 1
1499 1350 1509 1359 .
1525 1315 1754 1363 Concham
1788 1337 1959 1383 Testarum

54 1374 100 1423 id
123 1379 178 1423 est
200 1378 373 1432 testam,
399 1377 481 1431 ait,
497 1378 736 1423 ostreorum
755 1377 1039 1425 animadverti
1060 1395 1152 1424 non
1174 1377 1252 1424 nifi
1273 1396 1326 1425 ex
1345 1378 1643 1443 putaminibus
1655 1381 1700 1425 in
1713 1380 1750 1426 se
1765 1382 1921 1430 formano
1940 1387 1990 1433 se-

54 1448 212 1507 magna
225 1441 506 1488 multitudine
516 1443 744 1501 cumulatis
762 1442 982 1490 confistere
1005 1462 1017 1496 ;
1041 1461 1236 1507 quorum
1263 1445 1474 1491 ultimum
1497 1458 1750 1492 concretum
1763 1438 1908 1520 cundxlm,
1918 1444 1995 1494 qu'

57 1509 308 1556 maximum
323 1507 379 1553 est
393 1526 403 1553 :
417 1508 474 1553 ita
486 1520 535 1553 ut
547 1509 712 1554 concha
724 1509 845 1554 ostrei
857 1509 1157 1573 magnitudine
1170 1527 1261 1555 non
1273 1511 1410 1573 capiat
1419 1510 1751 1567 incrementum,
1769 1498 1855 1573 ζῖη
1868 1489 1969 1542 2er-

57 1574 165 1638 quin
180 1574 290 1620 intra
300 1574 516 1620 concham
535 1573 657 1619 ostrei
672 1586 822 1620 totum
839 1573 891 1620 de
906 1592 1029 1621 novo
1040 1573 1115 1621 fiat
1126 1576 1501 1639 putamen‚omnia
1511 1577 1669 1640 reliqua
1679 1594 1759 1639 pu-

57 1640 220 1688 tamina
241 1637 541 1704 magnitudine
560 1639 766 1702 superans.
835 1643 907 1685 An
922 1639 1096 1704 fingulis
1115 1642 1351 1687 noviluniis
1375 1641 1561 1688 ostreum
1574 1676 1587 1698 ‚
1623 1640 1760 1692 craffi-

57 1706 116 1752 tie
126 1706 253 1751 unius
263 1705 523 1769 putaminis,
546 1705 789 1756 accresceret
811 1723 969 1770 nempe
990 1719 1163 1770 propter
1184 1708 1364 1753 celerem
1389 1708 1701 1765 accretionem‚
1719 1708 1760 1754 ὅ(

56 1769 236 1819 brevem
247 1772 385 1816 vitam
402 1770 423 1816 ἓ

124 1840 238 1882 Haec
247 1849 392 1882 autem
411 1835 662 1899 putamina,
687 1849 820 1901 prout
844 1836 1073 1901 perspicere
1099 1838 1252 1902 potui,
1276 1839 1514 1886 constarent
1534 1856 1587 1886 ex
1608 1837 1757 1886 fistulis
1771 1851 1995 1905 Accrm'opu·

58 1900 304 1949 admodum
323 1919 397 1966 per
413 1901 452 1948 se
472 1902 621 1948 mixtis
635 1921 648 1954 5
663 1903 783 1966 quod
800 1903 1026 1967 quodlibet
1038 1905 1198 1950 horum
1216 1906 1496 1969 putaminum
1511 1904 1563 1952 ad
1588 1906 1754 1970 magni-
1774 1904 1996 1941 tammum&

61 1968 430 2027 tudinemjustam
451 1969 757 2030 perveniret-ex
781 1969 1054 2033 protrusione
1086 1969 1174 2017 sive
1204 1971 1484 2034 propulfione
1518 1953 1956 2040 parvorumfflstssmmm
1967 1965 1998 1990 ⁰⁸

63 2032 361 2079 subfuscorum
384 2034 664 2096 putaminum
682 2052 735 2080 ex
757 2035 944 2099 globulis
966 2035 1319 2098 compositorum
1332 2050 1484 2100 ‚atque
1504 2038 1757 2083 extrinsecus
1796 2017 1820 2054 g
1839 2029 1850 2041 ”

62 2102 221 2163 magna
244 2098 524 2144 multitudine
539 2099 585 2144 in
603 2100 732 2163 plano
746 2101 1174 2160 conchaejacentium
1190 2121 1203 2146 .·
1221 2102 1336 2148 unde
1352 2104 1534 2149 accretio
1549 2136 1563 2159 ,
1576 2102 1763 2167 ipsarum

63 2180 240 2230 quoque
262 2163 496 2210 fistularum
517 2165 657 2229 origo.

129 2228 331 2275 Tandem
357 2228 595 2286 Clarffmus
617 2232 774 2285 Listerus
785 2244 866 2293 pag.
889 2244 993 2281 121.
1016 2231 1340 2297 prudentiffirne
1358 2233 1581 2282 concludit
1601 2253 1612 2281 :
1633 2213 1764 2297 Equi·
1800 2246 1971 2295 Testam-

63 2293 167 2342 clem
190 2295 239 2339 iis
253 2295 355 2340 viris
374 2294 553 2350 libenter
570 2296 727 2343 accedo
747 2296 798 2343 de
819 2299 975 2344 testulis
997 2300 1038 2344 ὃ(
1057 2298 1177 2346 fibris
1200 2299 1396 2347 fistulofis
1420 2302 1583 2347 testulas
1608 2301 1759 2346 consti·
1769 2299 1931 2346 formano
1947 2296 1998 2342 ft·

65 2358 309 2407 tuentibus.-
328 2359 395 2405 sed
418 2354 469 2406 de
489 2362 693 2418 materia,
725 2362 750 2408 ὲ
768 2363 925 2427 quibus
936 2363 1043 2411 fiant
1064 2366 1252 2417 testulae,
1277 2364 1507 2431 earumq'ue
1531 2365 1650 2413 fibris
1672 2350 1915 2446 hae-ZZZ?
1942 2353 1997 2384 ιι-

65 2443 153 2474 reo.
221 2429 349 2471 Hanc
367 2428 471 2472 vero
484 2425 832 2491 esseipfiffimum
852 2429 1031 2477 succum
1050 2431 1229 2478 vitalem
1248 2433 1294 2478 in
1315 2432 1466 2490 fibras,
1490 2445 1696 2495 tanquam
1715 2432 1761 2477 in
1776 2450 1924 2484 Materia
1953 2444 1999 2494 fi-

66 2490 256 2537 totidem
275 2490 368 2537 vasa
389 2493 619 2539 excretoria
632 2494 858 2558 expulsum
869 2529 883 2551 ,
897 2493 1146 2559 ibidemque
1159 2497 1221 2543 ob
1233 2515 1405 2544 moram
1418 2532 1433 2554 ,
1468 2498 1672 2557 cumjam
1691 2514 1763 2543 ex-
1778 2499 1914 2557 {ararum
1956 2494 1999 2543 ‘st

68 2569 133 2603 tra
142 2557 356 2603 curriculi]
365 2558 478 2603 istius
491 2557 600 2605 succi
614 2560 804 2606 circulati
816 2559 868 2607 fit
881 2595 893 2616 ,
908 2562 1118 2624 paulatim
1129 2562 1329 2609 induratu
1331 2597 1345 2619 ,
1357 2562 1585 2610 verifimile
1595 2564 1764 2609 est.Ete-
1777 2548 2000 2633 'sssjm‘jnsffiz

71 2623 168 2669 nim
179 2622 323 2668 succus
335 2623 475 2669 vitalis
485 2624 668 2671 sectione
677 2624 824 2672 miffus
835 2660 849 2682 ‚
858 2624 1090 2691 leviterque
1101 2630 1248 2674 coctus
1269 2629 1315 2675 in
1326 2646 1534 2694 grummn
1550 2629 1766 2693 quendam
1778 2612 2001 2691 ἶχῃηψιω

70 2687 288 2742 coalescit,
302 2687 406 2751 ipsas
419 2689 536 2734 testas
548 2688 767 2753 splendore
789 2693 967 2756 opalino
995 2691 1083 2740 five
1105 2692 1476 2754 subcaerulescente
1500 2696 1676 2759 pulchre
1705 2713 1766 2742 re-
1783 2700 1842 2746 7¹⁴5
1884 2695 2000 2743 senfin·

73 2751 307 2805 ferentem3
331 2766 464 2817 prout
488 2753 610 2820 supra
631 2755 880 2822 expositum
904 2758 973 2805 est.
1040 2758 1246 2807 Privatim
1266 2773 1412 2809 autem
1432 2762 1633 2819 materia,
1665 2748 1972 2823 quaem'lmm'·

901 2868 953 2932 >C
1606 2891 1710 2925 eum
