2251 3297
496 195 883 267 PRAErATIO
916 193 1353 242 isAoooch.
1725 198 1811 252 111

103 296 514 362 difficultatibusque
550 298 786 344 innumeris
808 297 980 361 plenam
995 297 1134 344 statim
1154 298 1200 342 in
1215 295 1431 361 principio
1454 297 1706 361 agnoverim
1717 330 1731 351 ,
1746 307 1806 341 ta-
1827 313 1964 360 cognin'o
2003 318 2050 357 (9,

98 383 201 413 men
232 380 439 429 tanquam
469 365 607 411 studio
631 365 807 409 naturali
822 363 1013 427 apprime
1031 364 1296 409 neceffariam
1315 366 1356 409 ὅ(
1378 365 1529 409 utilem
1544 361 1711 427 aggredi
1730 380 1799 409 co-
1823 364 1952 399 debitus
1973 369 2052 405 ordo

101 445 223 478 natus
248 431 342 477 sum
357 468 366 484 ‚
393 434 430 477 ὃ(
460 431 510 477 ad
535 433 615 477 tale
632 430 920 493 opusculum,
944 429 1062 492 quod
1085 446 1176 493 prae
1197 428 1398 475 manibus
1421 431 1551 487 jacet,
1574 431 1704 474 Coelo
1729 428 1798 473 ad·
1810 416 1966 509 ZJ'J‘Z‘J
1979 430 2048 503 ‘1²2'

95 498 272 556 juvante
296 497 471 542 durante
496 515 597 544 meo
629 497 733 541 statu
769 495 1080 541 valetudinario
1113 496 1317 559 perduxi,
1339 494 1370 540 fi
1393 495 1499 540 illud
1525 511 1618 540 non
1655 497 1800 541 omni·
1821 516 1914 548 dmm
1932 476 2053 561 Idm:

101 562 183 608 bus
223 566 412 608 numeris
435 563 680 609 absolutum
702 560 1058 624 deprehendatur,
1077 562 1146 606 vel
1170 579 1262 606 non
1288 561 1436 607 debito
1458 560 1606 606 ordine
1621 573 1800 623 pertrac-
1818 569 1902 600 rate·
2036 560 2050 566 ⁴

99 640 241 674 tatum
262 630 499 687 judicetur,
520 641 736 692 parcatur,
764 626 936 689 quaeso,
975 625 1327 682 valetudinario,
1358 626 1660 673 condonentur
1693 643 1807 672 erro-

97 712 159 741 res
184 695 278 738 viro
304 706 448 738 mente
477 693 519 739 δι’
542 710 722 757 empore
744 692 884 738 adhuc
902 691 1109 739 imbecilli
1136 693 1176 738 ὅ(
1202 693 1368 755 insuper
1393 694 1635 757 longinguo
1665 692 1688 737 a
1710 709 1802 737 ma-

96 761 157 815 ri,
193 759 494 821 consequenter
514 760 668 824 exigua
688 759 757 806 vel
786 759 902 804 nulla
935 757 1052 821 quasi
1081 757 1321 805 occaffione
1350 760 1575 805 materiam
1611 771 1702 804 tam
1731 774 1805 803 va-

96 825 203 871 stam
223 825 538 890 cognoscendi,
560 826 705 874 multo
726 824 871 870 minus
899 824 1041 870 debite
1069 824 1325 888 explanandi
1352 822 1539 870 suffulto.
1615 826 1705 869 mc
1723 823 1802 887 igi..

100 903 171 940 tur
196 893 321 937 unice
341 891 483 938 bonus
501 892 741 959 respiciatur
761 891 949 939 Animus
963 924 975 946 ,
998 889 1239 954 sinceraque
1257 892 1300 936 ὃ(
1322 892 1514 936 constans
1537 907 1584 941 ae
1611 887 1806 952 quasiin-

95 970 195 1008 nata
220 956 564 1019 studiinaturalis
587 955 879 1021 promovendi
903 955 1087 1020 cupido,
1116 956 1299 1019 indeque
1318 956 1619 1019 qualiscunque
1644 954 1806 1000 deriva-

97 1034 167 1075 tus
201 1023 349 1078 labor,
376 1025 613 1086 quem‚uti
638 1023 784 1086 spem,
806 1024 1047 1071 Benevolus
1076 1024 1231 1071 Lec‘tor
1262 1025 1398 1086 aequis
1438 1022 1610 1069 salutare
1640 1020 1809 1074 oculis,

102 1087 296 1152 bonique
322 1090 537 1142 consulere
561 1090 747 1138 minime·
769 1087 1083 1156 dedignabitur.

849 1174 909 1267 ς,
962 1182 1052 1243 11.

443 1300 555 1358 Pisces
574 1297 715 1357 testacei
732 1297 917 1363 quidfint
928 1335 942 1357 ‚
964 1298 1016 1357 ὢ
1034 1299 1220 1366 quomodo
1238 1313 1480 1364 generentur.

106 1398 335 1487 UNIV
350 1399 384 1441 E
399 1399 506 1443 RSI
524 1396 564 1441 &
587 1395 695 1459 pene
727 1391 1061 1443 innumerabiles
1094 1395 1294 1442 immensi
1332 1398 1460 1443 maris
1489 1397 1648 1444 incolae
1686 1414 1809 1446 com-
1828 1424 1937 1467 ‘Pifies
1969 1437 2027 1462 m,

200 1463 326 1510 muni
351 1463 390 1506 ἃ
413 1462 592 1524 proprio
614 1462 796 1508 nomine
815 1460 948 1506 Pisces
971 1474 1183 1508 vocantur
1202 1494 1215 1510 .
1235 1461 1321 1507 fine
1340 1462 1478 1509 dubio
1498 1465 1521 1508 a
1543 1464 1680 1510 verbo
1703 1481 1808 1529 grae-
1831 1476 1879 1509 isa
1896 1487 2055 1513 wentae

101 1543 160 1581 ,co
183 1529 261 1574 Pio
275 1562 289 1585 ‚
323 1526 433 1572 Bibo
447 1561 460 1583 ‚
489 1526 610 1589 quod
631 1526 714 1579 fint
726 1527 930 1577 animalia
950 1528 1147 1590 aquatilia
1165 1528 1325 1590 semper
1345 1527 1534 1574 bibentia
1550 1529 1616 1574 fleu
1640 1530 1686 1575 in
1696 1534 1813 1593 aqusss
1831 1537 2011 1580 ‘qu'ss

105 1593 299 1657 degentia
312 1611 324 1644 3
347 1593 408 1638 Hi
433 1593 502 1639 vel
525 1591 622 1637 sunt
643 1593 844 1656 sanguine
881 1592 1051 1656 praediti
1094 1594 1134 1638 &
1153 1593 1283 1656 pisces
1309 1595 1480 1658 proprie
1500 1594 1626 1650 disti,
1652 1597 1716 1641 vel
1731 1596 1819 1641 lan·
1835 1574 1961 1620 amfio.

107 1662 239 1724 guine
270 1657 467 1704 destituti.
543 1661 613 1710 De
634 1659 786 1721 primis
807 1659 878 1704 hie
899 1659 1042 1704 nullus
1061 1657 1135 1704 fiet
1150 1662 1286 1705 sermo
1300 1694 1313 1716 ‚
1334 1660 1501 1706 secundi
1526 1663 1631 1707 vero
1664 1662 1823 1707 iterum

105 1724 363 1772 dividuntur
383 1724 430 1768 in
459 1723 637 1780 molles,
662 1724 919 1779 mustacem,
957 1725 1179 1781 testaceos,
1210 1725 1361 1770 inleeta
1395 1728 1434 1772 ὃ(
1457 1727 1690 1789 zoophita,
1721 1727 1830 1773 inter

112 1807 220 1854 quos
259 1788 389 1835 nobis
412 1788 695 1835 solummodo
719 1790 941 1853 selegimus
965 1791 1163 1836 testaceos
1180 1791 1226 1835 in
1247 1789 1447 1837 debitum
1478 1792 1606 1837 suum
1622 1792 1824 1838 ordinem

112 1855 364 1919 redigendos
394 1889 408 1912 ‚
433 1867 586 1918 utpote
606 1855 680 1918 qui
704 1856 888 1918 reliquos
914 1873 1067 1901 omnes
1096 1856 1296 1920 sanguine
1326 1856 1547 1903 destitutos
1575 1857 1706 1921 pisces
1745 1875 1825 1903 1u-

111 1939 260 1976 mero,
290 1922 493 1985 elegantia
522 1922 562 1966 ἃ
593 1922 793 1966 varietate
816 1921 1043 1978 colorum,
1064 1923 1337 1985 mirabilique
1356 1924 1428 1969 sua
1464 1923 1662 1970 strudu-ra
1694 1924 1823 1988 lorge

108 1987 303 2051 supe-rant
325 1988 364 2032 ὅ(
389 1988 657 2033 antecellunt.

172 2053 305 2108 Pisces
329 2052 488 2099 testacei
523 2064 671 2103 autem
694 2051 789 2097 sunt
814 2052 900 2101 illi,
930 2052 1004 2115 qui
1024 2053 1260 2099 constanter
1277 2053 1322 2098 in
1342 2054 1450 2100 mari
1477 2053 1638 2119 degunt
1653 2090 1665 2110 ‚
1684 2057 1724 2101 ὃ(
1745 2055 1810 2100 vel
1831 2053 1938 2095 Pisces
1965 2050 2059 2098 “fi“

109 2120 296 2165 totaliter
316 2119 381 2169 vel
404 2117 550 2168 saltem
573 2118 725 2176 majori
753 2134 805 2163 ex
819 2131 936 2180 parte
957 2119 1055 2163 testa
1074 2118 1245 2164 duriore
1277 2118 1439 2165 obteffl
1458 2122 1499 2166 ἃ
1521 2119 1671 2166 inclusi
1706 2121 1812 2166 sunt.
1832 2110 1970 2154 “¹5⁸¹“
1980 2102 2059 2149 βψ

110 2185 301 2247 Plerique
326 2184 347 2240 ξ
359 2182 622 2246 paucilfimis
651 2183 836 2246 exceptis
854 2218 867 2239 ,
895 2184 969 2246 qui
993 2185 1017 2229 a
1039 2185 1181 2230 Plotio
1207 2182 1381 2248 aliisque
1411 2187 1678 2250 Zoographis
1703 2187 1815 2231 vivi-

110 2251 200 2314 pari
238 2248 481 2311 deprehensi
523 2245 649 2303 sunt)
693 2249 970 2295 oblervantur
1011 2250 1193 2312 Ovipari
1207 2284 1220 2304 ‚
1249 2252 1336 2296 hoc
1369 2264 1513 2297 tamen
1549 2252 1814 2307 discrimine,
1835 2263 1968 2312 ‘Pleriq3
1983 2261 2061 2307 fient

113 2313 234 2378 quod
261 2315 389 2377 aliqui
416 2313 497 2359 sint
518 2313 641 2360 divis1
666 2314 808 2369 sexus,
832 2332 1023 2378 quorum
1042 2332 1127 2360 ova
1150 2315 1349 2362 arsemine
1382 2318 1620 2363 masculino
1654 2317 1821 2364 foecun-
1839 2314 1986 2363 ovipari.

115 2380 204 2426 dari
240 2379 422 2434 debent,
448 2380 518 2425 alii
551 2382 656 2426 vero
680 2393 877 2426 naturam
912 2380 1138 2426 obtineant
1172 2379 1287 2445 quali
1316 2381 1616 2444 androgynam
1637 2383 1821 2446 piscium

117 2446 266 2502 instar,
289 2447 363 2508 qui
390 2463 474 2491 ova
505 2447 573 2491 sua
600 2447 911 2505 emittuntjam
937 2447 1129 2511 germine
1151 2448 1192 2492 &
1222 2447 1378 2494 testulis
1413 2448 1595 2505 donata,
1621 2461 1665 2493 at
1690 2450 1823 2512 asper-

125 2510 245 2559 slone
269 2512 447 2574 liquoris
480 2511 699 2570 cujusdam
736 2512 882 2569 lastei,
910 2528 1010 2576 quae
1033 2512 1228 2577 genitura
1253 2512 1322 2559 seu
1355 2514 1420 2561 lac
1446 2515 1670 2561 mariuma
1694 2516 1825 2563 Liste-

128 2593 179 2625 xo
204 2589 409 2633 vocatur,
423 2577 567 2623 denuo
590 2577 884 2626 faecundanda.

190 2643 386 2689 Testacea
402 2645 598 2707 pleraque
613 2661 665 2689 ex
682 2645 824 2691 ovulis
847 2643 954 2693 nasei
981 2643 1266 2692 confirmatur
1277 2646 1300 2690 a
1320 2645 1515 2709 pluribus
1529 2645 1798 2693 Authoribus
1811 2681 1824 2702 ‚
1842 2645 2026 2683 Genieurae·

124 2707 201 2771 qui
229 2707 306 2755 hac
327 2707 379 2755 de
400 2726 444 2759 re
466 2710 727 2773 lctipierunt.
802 2712 926 2759 Willtis
946 2714 988 2757 in
996 2711 1070 2770 sito
1101 2712 1224 2761 Traffl.
1250 2710 1298 2758 de
1317 2715 1468 2762 Animci
1488 2718 1603 2761 Brut.
1624 2727 1701 2773 cap.
1721 2728 1766 2773 4.
1790 2698 1894 2759 inm
1917 2698 1967 2731 ¹⁶¹⁶
1994 2702 2066 2728 Μ’

984 2822 1006 2881 >
1011 2825 1034 2885 ζ
1603 2842 1765 2876 accura-
