2251 3297
469 224 589 274 xvi
712 266 717 270 ,
970 228 1364 277 PRAEFATIO
1398 227 1838 278 ISAGOGICA.

242 325 389 375 Tessaceae
413 341 463 362 re·
545 315 811 363 Notandum
838 318 978 364 tertio.
1015 320 1098 364 His
1125 331 1270 365 tamen
1295 338 1385 366 non
1418 320 1683 366 obstantibus
1707 322 1728 369 e
1750 319 1943 384 praesenti
1967 319 2184 369 methodo

220 379 348 424 ,gut-ari
374 376 460 427 9¹⁶2·
479 381 714 428 luculenter
746 383 1022 439 manifestari,
1046 388 1196 431 Deum
1210 386 1445 432 secundum
1468 386 1686 432 infinitam
1713 388 1831 432 suam
1861 386 2106 450 sapientiam
2142 389 2185 434 &

235 426 462 513 ssmssgff’
477 448 847 512 omnipotentiam
871 450 918 496 in
943 449 1219 498 efformandis
1232 453 1413 499 testaceis
1424 453 1598 498 marinis
1609 453 1846 516 regularem
1858 452 2073 515 quandam
2084 469 2187 499 nor-

231 523 324 571 fimt.
475 529 599 559 mam
624 514 693 559 seu
713 515 976 562 methodum
989 515 1219 563 oblervaffe
1231 535 1324 564 non
1343 519 1489 564 minus
1512 519 1618 565 acin
1630 517 1839 564 omnibus
1859 519 1949 563 aliis
1961 518 2085 564 rebus
2111 533 2186 564 na·-

221 578 226 588 ‘'
472 579 678 628 turalibus
704 582 848 627 creatis
864 615 877 636 ,
905 596 1080 646 propter
1103 600 1237 646 quam
1257 582 1464 630 facillimo
1485 582 1626 630 modo
1650 595 1856 647 poterunt
1874 584 1921 629 in
1936 584 2026 630 suas
2046 584 2184 632 classes

473 645 515 697 ὅ(
537 662 686 708 genera
705 645 895 692 distribui
923 648 1084 713 suilque
1095 648 1250 695 debitis
1262 650 1377 695 notis
1390 650 1720 697 charasteristicis
1732 650 1935 714 inligniri.

233 704 354 762 &duff’
386 707 442 746 ’‘⁹’'
542 711 805 761 Notandum
834 717 1000 776 quarto.
1034 716 1200 764 Verum
1231 732 1310 761 nec
1333 717 1405 762 hic
1434 714 1789 779 acquiescendum
1808 714 1989 770 effe,sed
2010 714 2186 761 ulterius

232 756 453 851 ἵῐὲιζζῗιῒι,
478 777 812 839 perquirendum
839 812 853 835 ,
882 778 936 826 ad
967 781 1180 843 quosnam
1212 780 1309 826 usus
1341 794 1434 827 tam
1459 782 1575 827 varia
1607 782 1647 826 ὅ(
1678 780 1886 826 mirabilis
1907 782 2188 832 testaceorum

232 855 289 889 riae
322 868 434 892 eorum
474 843 674 888 structura
706 843 846 893 statim
880 844 927 891 in
966 847 1107 910 prima
1136 847 1349 894 creatione
1365 849 1389 893 a
1413 848 1590 894 summo
1617 849 1819 893 creatore
1840 846 1964 893 fuerit
1984 845 2185 894 efforma-

225 902 407 949 strueffurae
472 920 515 958 ta
540 941 554 963 ,
589 924 691 971 quae
727 910 927 956 structura
959 912 1153 975 profesto
1176 914 1355 977 ingenui
1379 913 1600 973 cujusdam
1623 912 1871 976 Philosophi
1896 912 2035 958 (edula
2056 914 2098 959 ὃ(
2121 912 2186 959 di.

233 953 319 999 ’‘su'‘
471 974 619 1038 ligenti
651 976 886 1022 attentione
912 979 1070 1024 merito
1093 978 1345 1042 digniffimai
1356 980 1436 1035 est,
1459 992 1509 1028 ut
1529 980 1617 1038 ejus
1650 978 1746 1025 usus
1767 980 1966 1042 proprius
1991 980 2031 1026 ὅ(
2051 978 2186 1026 deter-

470 1041 661 1090 minatus
680 1041 725 1085 in
741 1040 991 1099 adjuvandis
1007 1044 1047 1088 &
1061 1043 1345 1091 custodiendis
1356 1043 1542 1107 piscibus
1551 1044 1733 1090 testaceis
1743 1043 2017 1108 detegeretur,
2032 1061 2186 1108 quem.

470 1104 716 1153 admodum
741 1107 887 1170 paucis
913 1107 967 1155 ab
998 1109 1101 1155 hinc
1132 1110 1254 1154 annis
1285 1122 1422 1172 partes
1451 1110 1698 1173 plantarum
1733 1121 1823 1154 tam
1848 1110 2028 1156 internae
2051 1111 2185 1174 quam

468 1183 655 1217 externae
671 1170 845 1219 feliciter
866 1171 1038 1220 fuerunt
1060 1175 1340 1230 examinatae,
1371 1192 1603 1238 earumque
1625 1173 1772 1221 officia
1791 1177 1831 1220 ὅ(
1851 1176 1947 1221 usus
1979 1188 2071 1222 tam
2104 1193 2185 1240 op.

468 1237 656 1301 portum}-
681 1237 834 1291 deteffl
850 1272 866 1295 ,
902 1253 953 1286 ut
971 1240 1073 1288 inde
1100 1241 1207 1287 clare
1226 1253 1368 1304 pateat
1388 1275 1403 1306 ,
1426 1245 1576 1289 Deum
1604 1242 1644 1287 ὅ(
1661 1242 1878 1288 Naturam
1906 1243 2015 1288 nihil
2039 1241 2185 1291 frustra

468 1302 613 1350 facere.

228 1395 395 1445 Qaenm
418 1395 454 1431 fn
530 1370 794 1419 Notandum
808 1372 978 1436 quinto.
1012 1376 1064 1418 In
1082 1372 1296 1420 statuenda
1309 1376 1413 1420 nota
1425 1373 1746 1424 characteristica
1761 1372 1924 1436 semper-
1938 1372 2187 1438 diligenter,

221 1445 327 1492 statu
339 1444 454 1482 endi
473 1438 685 1498 quantum
702 1438 800 1483 licet
812 1471 825 1492 ,
843 1441 898 1487 eo
923 1439 1243 1487 collimandum
1259 1438 1362 1497 effe,
1382 1452 1432 1486 ut
1450 1440 1521 1485 illa
1533 1440 1767 1485 astruetura
1787 1439 1924 1503 magis
1946 1438 2100 1504 infigni
2115 1453 2184 1486 to.

228 1494 447 1580 ”⁰{a'lfl'5r‘2
476 1502 561 1547 tius
578 1504 771 1568 corporis
794 1505 957 1552 testacei
976 1504 1212 1568 praesertim
1235 1505 1289 1552 ab
1312 1510 1360 1553 ea
1374 1539 1390 1561 ,
1413 1506 1531 1568 aqua
1542 1506 1629 1552 hoc
1642 1503 2046 1554 denominationem
2063 1505 2187 1555 suam

216 1547 452 1643 ,ἕννὲἆῖζβζπῖ
474 1569 678 1631 acquirit,
710 1568 947 1626 derivetur,
973 1571 1042 1618 vel
1061 1570 1209 1619 saltem
1230 1573 1253 1617 a
1275 1571 1587 1636 principalioris
1609 1572 1650 1616 ἃ
1671 1569 1914 1634 infignioris
1932 1572 2020 1632 ejus
2035 1572 2185 1635 partis,

470 1650 575 1683 nam
593 1634 652 1682 fic
676 1635 839 1699 semper
860 1637 939 1682 erit
957 1635 1191 1684 stenfibilior
1216 1640 1256 1684 ὅ(
1279 1637 1468 1696 subjecto
1488 1636 1625 1701 magis
1647 1638 1986 1700 proportionata.
2056 1639 2095 1683 Si
2109 1655 2184 1684 aus-

469 1712 561 1745 tem
578 1701 664 1747 hoc
689 1719 781 1749 non
800 1701 936 1765 poffet
957 1701 1047 1755 fieri
1059 1735 1071 1753 ‚
1088 1716 1194 1751 tunc
1207 1702 1413 1767 quaelibet
1426 1715 1530 1749 nota
1541 1701 1758 1759 sensibilis,
1772 1701 1922 1749 sivein
1933 1707 2043 1751 certa
2056 1703 2183 1753 strue-

466 1771 561 1813 tura
572 1765 717 1814 sivein
739 1779 856 1812 certo
879 1768 1095 1815 strueturae
1108 1768 1192 1815 situ
1213 1767 1545 1833 confistat,apta
1566 1781 1662 1814 nata
1686 1768 1742 1814 est
1764 1781 1918 1817 notam
1939 1769 2183 1817 characteri-

464 1831 611 1878 sticam
631 1833 883 1880 constituere
908 1866 922 1889 ,
945 1833 1087 1880 modo
1105 1834 1327 1899 praedictas
1354 1835 1632 1899 proprietates
1656 1833 1891 1897 possideat‚
1905 1834 2182 1898 pluribusque

465 1896 682 1960 speciebus
706 1900 959 1945 communis
983 1898 1060 1955 sit,
1082 1918 1185 1963 quas
1204 1902 1227 1947 a
1253 1902 1424 1963 reliquis
1449 1898 1658 1947 omnibus
1671 1901 1780 1947 hanc
1799 1913 1952 1947 notam
1975 1901 2183 1948 charafte-

465 1964 646 2010 risticam
667 1982 758 2010 non
780 1964 1037 2011 habentibus
1050 1965 1307 2014 sufficienter
1332 1966 1563 2030 distinguit.
1609 1966 1803 2029 Reliquae
1827 1979 1974 2015 autem
1994 1964 2184 2018 affectio-3-

462 2045 536 2074 nes
556 2031 773 2076 strueturae
796 2032 1074 2078 testaceorum
1091 2065 1106 2088 ‚
1127 2049 1227 2096 quae
1248 2032 1492 2095 promiscue
1511 2034 1557 2077 in
1570 2030 1765 2095 pluribus
1779 2031 2035 2079 diversarum
2049 2029 2182 2078 claffi-

464 2110 544 2140 um
565 2109 638 2142 aut
660 2114 867 2160 generum
895 2097 1110 2160 speciebus
1139 2098 1419 2146 observantur
1436 2132 1451 2154 ,
1473 2111 1671 2146 naturam
1701 2111 1822 2145 notae
1843 2098 2181 2146 chara&eristicae

465 2160 641 2208 induere
662 2175 895 2225 nequeunt,
915 2163 1107 2226 adeoque
1119 2162 1174 2209 ab
1191 2165 1261 2209 illa
1279 2162 1573 2214 constituenda
1588 2162 1757 2226 prorsus
1778 2164 2078 2211 excluduntur.

225 2230 444 2278 Tessaceasta-
531 2227 795 2274 Notandum
816 2228 948 2274 sexto.
982 2231 1083 2276 Nos
1105 2228 1157 2275 ad
1179 2229 1417 2276 faciliorem
1442 2230 1482 2275 ὅ(
1495 2227 1853 2277 commodiorem
1870 2230 1997 2288 hujus
2006 2229 2184 2274 metho-’

224 2294 296 2339 ¹¹?st
317 2286 360 2367 ’ἕ
381 2293 449 2317 ‘m
467 2290 509 2337 di
532 2293 860 2357 intelligentiam
885 2295 926 2340 ἃ
945 2294 1074 2341 usum
1101 2296 1241 2341 statim
1261 2296 1306 2341 in
1332 2295 1548 2360 principio
1582 2293 1770 2340 dividere
1802 2306 1945 2342 totam
1983 2295 2182 2344 testaceo-

219 2331 448 2433 ssffigftfw
465 2375 565 2405 rum
580 2357 742 2408 familia
753 2360 799 2405 in
819 2373 899 2407 tres
909 2359 1118 2407 distinstas
1129 2374 1265 2425 partes
1279 2361 1348 2409 seu
1362 2361 1585 2424 supremos
1595 2358 1765 2409 ordines
1779 2361 1989 2411 nimirum
2004 2361 2049 2406 in
2060 2360 2182 2406 testa-

223 2433 318 2467 ‹lines
358 2432 445 2467 divi·
468 2440 540 2469 cea
552 2425 770 2476 univalvia
787 2444 879 2472 non
901 2425 1131 2483 turbinata,
1143 2429 1190 2472 in
1200 2428 1393 2473 cochleas
1403 2428 1474 2472 seu
1485 2426 1704 2471 univalvia
1720 2425 1995 2482 turbinata‚&
2012 2427 2058 2474 in
2070 2442 2179 2471 con-

222 2482 364 2522 duntur.
470 2490 567 2537 chas
588 2490 653 2536 seu
670 2491 715 2536 in
740 2492 910 2539 testacea
929 2490 1141 2542 bivalvia‚
1166 2494 1306 2556 qualia
1321 2495 1426 2540 vero
1452 2492 1623 2539 testacea
1653 2508 1728 2554 per
1745 2491 1985 2555 quamlibet
2011 2504 2180 2554 partem

468 2554 537 2608 seu
557 2555 756 2602 ordinem
780 2558 1094 2621 intelligantur,
1121 2558 1262 2604 statim
1282 2559 1327 2604 in
1350 2559 1567 2621 principio
1588 2556 1816 2615 cujUslibet
1835 2558 1964 2620 partis
1977 2557 2085 2602 clare
2105 2573 2180 2607 ex,-

223 2627 292 2660 Per
317 2621 450 2669 testacea
466 2619 603 2683 pofita
625 2620 1001 2684 deprehendentur.
1067 2625 1250 2671 Interim
1275 2625 1348 2673 hic
1369 2624 1494 2674 unice
1511 2621 1757 2670 notandum
1779 2623 1900 2670 venit
1919 2657 1934 2679 ‚
1959 2621 2080 2685 quod
2102 2639 2178 2684 per

225 2674 311 2709 ’Μ
324 2676 451 2729 “MP“
472 2689 520 2732 to
544 2686 813 2733 turbinatum
843 2705 933 2733 non
966 2690 1256 2753 intelligamus
1289 2707 1424 2744 omne
1449 2690 1701 2745 testaceum,
1725 2687 1846 2752 quod
1873 2688 1895 2741 ἐ
1921 2686 2007 2734 basl
2026 2688 2177 2745 latiore

225 2736 378 2773 quaenam
399 2735 451 2758 m-
681 2757 691 2766 Α
718 2754 725 2761 .
1367 2756 1374 2765 .
1404 2757 1411 2765 ,
1605 2755 1613 2762 .
1819 2755 1826 2763 .
1939 2755 1946 2763 ,
2144 2753 2153 2761 .

224 2772 423 2821 alligamur.
471 2751 699 2800 rotundata
714 2770 759 2798 in
774 2771 958 2805 acumen
977 2754 1265 2804 rotundatum
1280 2773 1378 2820 pyri
1401 2757 1523 2804 instar
1545 2754 1661 2814 abit,
1688 2771 1791 2804 nam
1814 2772 1860 2801 m
1877 2755 1949 2802 tali
1972 2752 2087 2809 senlu
2097 2765 2175 2808 eti-

2034 2882 2107 2917 am
