2251 3297
485 223 597 277 vm
850 221 854 224 ·
953 215 1345 265 PRAEFATIO
1375 212 1801 264 1sAeoorcA

486 314 579 360 aliis
597 308 898 374 experimentis
918 306 1166 356 confirmari
1186 307 1351 370 potest,
1385 324 1580 372 quorum
1595 308 1737 408 aliqua
1754 305 1927 361 tantum
1939 325 1963 354 a
1976 303 2199 358 celebrio-

483 378 602 425 ribus
612 375 880 425 Authoribus
895 376 1017 421 allata
1027 372 1297 437 lubjungam.

247 460 477 508 obfmamR
557 444 703 490 Primo
725 441 904 506 quidem
930 440 1089 503 Illustrzs
1111 443 1223 489 Dum
1237 441 1426 486 Antonius
1447 437 1554 486 Felix:
1574 437 1712 486 Ahbas
1731 438 1959 499 Marslim
1943 458 1984 487 m
2006 445 2071 488 cit.
2089 445 2156 498 Ep
2142 439 2198 500 st,

247 514 311 548 Ma
314 511 391 558 rifili
395 511 471 548 Ab-
487 509 538 555 de
559 514 642 556 ovis
674 509 909 556 cochlearum
933 505 1168 554 describens
1197 507 1386 564 locum,
1410 508 1458 553 in
1469 524 1565 571 quo
1585 507 1760 554 inventa
1782 507 1904 565 sunt,
1928 509 2024 558 haec
2040 507 2198 555 habetz

245 560 473 658 ξῖᾝρξῒίζνοζ
489 573 801 623 Effodebantur
823 573 995 624 bulbuli
1011 573 1205 619 florum
1194 590 1241 618 in
1257 574 1439 623 hortulo
1465 590 1582 621 nunc
1603 573 1695 620 usui
1715 542 2012 638 simplicium
1999 592 2023 620 a
2040 591 2114 621 me
2127 571 2200 619 de-

245 626 473 711 ,ωψῗῑηηκ
490 643 655 689 stinato.
723 645 852 688 Dum
872 653 977 694 terra
999 638 1333 697 removebatur,
1368 640 1522 705 saepius
1540 638 1720 697 accidit,
1741 652 1790 686 ut
1814 641 1979 704 aliquot
2003 654 2200 689 ovorum

488 710 628 757 acervi
650 708 928 771 reperirentur
943 739 956 762 ‚
972 720 1073 770 quae
1086 707 1232 769 primo
1249 723 1342 752 non
1353 706 1693 771 cognoscebam,
1706 723 1810 755 nam
1822 707 1920 753 licet
1933 707 2071 752 multa
2082 718 2202 769 pate-

488 788 598 830 rent,
612 773 732 838 quoll
752 773 956 820 nondum
959 772 1273 848 perfectionem
1289 771 1416 819 effent
1432 772 1605 848 adepta,
1624 772 1829 819 albumen
1841 790 2014 825 merum
2029 773 2201 819 emitte-

469 840 623 897 .‚bant
646 857 724 886 nec
737 848 945 903 poteram
956 841 1001 884 in
1021 840 1103 885 illis
1125 839 1303 902 reperire
1316 839 1582 903 principium
1595 838 1771 903 aliquod
1783 840 2043 888 animalculi.
2080 841 2201 884 Tan-

491 906 593 952 dem
612 909 717 952 vero
737 907 901 956 lactum
922 906 1004 961 est,
1028 918 1078 951 ut
1098 922 1234 968 prope
1256 904 1413 969 lapides
1437 905 1658 964 cujusdam
1684 905 1823 955 horrei
1848 904 1925 951 sese
1939 903 2201 952 eorumdem

489 990 684 1018 ovorum
703 986 844 1018 tantus
857 938 1059 1018 cumulus
1081 972 1303 1034 proderet,
1316 984 1365 1017 ut
1385 973 1569 1046 impleta
1576 989 1711 1017 manu
1729 970 1849 1018 facile
1861 973 1970 1017 mihi
1983 970 2109 1017 fuerit
2119 970 2201 1016 ob-

490 1037 577 1084 [etv
568 1056 646 1084 are
666 1038 868 1102 quaedam
888 1053 1045 1083 eorum
1065 1038 1259 1082 (factioni
1280 1054 1502 1100 proxima,
1519 1038 1598 1082 alia
1623 1036 1675 1082 ad
1696 1037 1926 1084 dimidiam
1945 1038 2003 1083 sui
2015 1051 2201 1101 partem,

489 1105 569 1149 alia
592 1105 716 1156 omni
741 1121 793 1150 ex
815 1116 933 1167 parte
952 1104 1046 1163 J‘am
1068 1101 1339 1166 fra&a‚atque
1360 1120 1413 1148 ex
1433 1103 1516 1148 illis
1539 1104 1781 1150 cochleolas
1806 1116 2019 1155 exeuntes.
2085 1106 2201 1152 Haec

483 1169 730 1216 invenimus
746 1169 812 1215 die
833 1185 900 1216 10.
915 1169 1033 1229 Julii.

241 1260 381 1297 ,m,-„4
394 1257 465 1297 &a
549 1238 666 1282 Dein
690 1241 858 1282 Marem.
885 1240 1058 1292 Lyz'erus
1060 1251 1141 1288 qam
1152 1234 1282 1294 saepim
1302 1234 1479 1281 laudum
1495 1238 1537 1280 in
1558 1239 1618 1281 cit.
1653 1234 1778 1281 Tra&
1803 1248 1887 1296 pag
1940 1241 2044 1295 158.
2115 1234 2199 1282 ob-

242 1313 279 1346 in
291 1311 432 1358 scopulis
486 1301 678 1359 servavit,
691 1303 879 1349 Buccina
890 1303 1054 1347 marina
1064 1301 1385 1362 junio-ineunte
1396 1301 1490 1365 post
1508 1301 1632 1348 aestus
1645 1302 1869 1348 recell'um
1858 1319 1905 1347 in
1920 1301 2033 1348 sicco
2046 1300 2200 1366 scopu-

230 1360 315 1410 freq
319 1373 434 1395 ‘⁶⁸²²'
487 1369 532 1414 lo
552 1383 748 1443 tempore
779 1369 999 1414 matutino
1026 1368 1164 1422 coire,
1202 1369 1243 1413 ὃ(
1265 1368 1464 1445 pleraque
1495 1369 1728 1427 conchylia
1751 1369 1916 1414 maiina
1936 1369 1982 1414 in
2012 1368 2201 1432 scopulis

239 1422 469 1505 ’,ηῇεζὲἧζῖἓ
483 1452 612 1480 maris
624 1452 820 1482 invenir1
891 1438 976 1480 Et
962 1451 1002 1479 m
1026 1437 1192 1479 Exercit.
1222 1437 1344 1479 Anat.
1366 1436 1479 1480 tertie)
1496 1447 1579 1494 pag.
1608 1441 1678 1481 16.
1719 1438 1914 1483 Exeunte
1926 1438 2031 1483 vero
2048 1439 2201 1499 Augu-

238 1509 404 1547 harentia.
483 1501 545 1546 sto
565 1519 651 1547 ova
675 1503 841 1565 aliquot
862 1500 939 1547 sub
968 1499 1136 1548 cardine
1155 1500 1244 1545 ad
1232 1517 1372 1546 imam
1391 1500 1505 1546 testae
1528 1501 1769 1575 marginem
1791 1500 2032 1558 adherentia
2054 1500 2200 1555 videre

482 1568 619 1623 licuit,
625 1567 871 1614 duriusculo
880 1567 1045 1613 cortice
1058 1565 1343 1612 &albicante·
1332 1598 1347 1618 ,
1368 1567 1519 1612 multis
1542 1568 1675 1612 etiam
1688 1565 1914 1613 sordibus
1904 1584 1949 1612 in
1964 1573 2009 1612 ea
2025 1567 2200 1616 tantum.

479 1647 597 1697 parte
612 1635 710 1692 teste
723 1633 942 1680 cumulate
958 1632 1146 1680 adcretis.
1215 1636 1303 1681 Hae
1318 1635 1424 1678 vero
1442 1632 1580 1680 sordes
1590 1632 1766 1685 faeturae
1780 1638 1901 1679 causa
1913 1632 2100 1680 adcretae
2115 1651 2199 1683 nu,-

479 1701 524 1745 hi
537 1701 582 1745 in
598 1701 860 1745 memoriam
870 1712 1074 1745 revocant
1089 1698 1193 1743 illud
1213 1697 1476 1758 Arzstolela'sde
1492 1702 1613 1745 Pinna}
1631 1702 1727 1759 Hist.
1766 1713 1895 1758 5.ss‹1p.
1925 1714 1994 1755 19.
2029 1700 2199 1749 Scilicet

480 1783 547 1812 eas
568 1767 674 1812 locis
692 1765 874 1812 arenosis
890 1762 1156 1828 coenolisque
1178 1767 1330 1811 erectas
1345 1782 1398 1810 ex
1422 1763 1547 1823 bylso
1571 1765 1694 1811 nasci.
1740 1769 1805 1810 Ita
1825 1764 1934 1811 forte
1945 1764 2199 1811 commodi-

478 1845 542 1879 tas
558 1831 752 1882 sordium
766 1831 818 1878 ad
835 1830 1008 1891 byssum
1033 1832 1311 1877 col-lectarum
1334 1849 1414 1894 pro
1438 1832 1615 1877 materia
1628 1829 1797 1878 faetuiae
1809 1830 2062 1896 generandae
2083 1833 2199 1877 male

480 1912 673 1962 reputata
692 1899 783 1945 est:
773 1912 907 1962 ·quae
924 1898 1045 1961 vulgi
1069 1896 1310 1943 observatio
1328 1896 1593 1961 Philosopho
1628 1897 1680 1942 de
1706 1898 1938 1960 pinnarum
1960 1897 2198 1961 spontaneo

479 1965 675 2040 quodam
700 1979 803 2011 ortu
823 1963 1068 2037 imposuille
1089 1963 1272 2010 videtur.
1340 1964 1459 2013 Sicut
1480 1965 1521 2010 ἃ
1554 1967 1744 2023 Oppiano
1729 1981 1771 2010 m
1795 1964 2011 2017 Halieutico
2042 1964 2102 2010 ita
2126 1980 2197 2020 ca-

474 2032 608 2080 nenti:

237 1685 360 1720 Pinnae
369 1683 385 1719 ἒ
395 1683 415 1718 b
410 1698 437 1731 y
443 1682 462 1720 (ἰ

228 1733 264 1778 fi
272 1735 462 1782 nascuntur.

742 2097 949 2157 Qinon
971 2094 1278 2145 concumbunt
1291 2131 1305 2153 ,
1325 2113 1405 2143 nec
1425 2095 1550 2144 faetus
1572 2095 1754 2142 nexibus
1771 2094 1932 2154 edunt,

742 2161 819 2208 Per
842 2164 880 2209 se
896 2162 1147 2219 nascuntur,
1165 2162 1287 2209 faeclo
1312 2165 1432 2210 velut
1451 2163 1585 2208 ostrea
1602 2177 1746 2212 caeno.

477 2228 557 2276 Sed
575 2229 896 2285 caenumillud,
915 2230 960 2275 in
975 2247 1065 2293 quo
1083 2229 1311 2275 nascuntur
1332 2229 1464 2274 ostrea
1483 2261 1497 2284 ‚
1520 2229 1702 2292 plenum
1723 2228 1780 2282 est
1803 2229 1989 2274 humore
2008 2228 2195 2292 genitali.

542 2296 702 2355 ‚hictibus
732 2295 927 2341 Grandius
940 2296 965 2341 l.
986 2312 1019 2341 c.
1039 2295 1157 2341 idem
1177 2293 1310 2341 alserit
1330 2329 1345 2351 ,
1374 2294 1460 2340 dari
1496 2295 1710 2340 nimirum
1740 2293 1942 2369 quasdam
1962 2307 2088 2340 terras
2103 2330 2116 2351 ,
2149 2295 2198 2341 in

460 2362 639 2426 quibus
664 2363 838 2408 testacea
853 2362 963 2408 mira
975 2361 1256 2408 faecunditate
1275 2361 1641 2424 multiplicantur,
1666 2362 1706 2406 &
1723 2359 1877 2423 insigni
1896 2359 2197 2424 magnitudine

235 2439 338 2476 chatz
363 2434 463 2483 satra
481 2441 704 2502 augentur,
716 2442 765 2474 ut
776 2428 822 2474 in
835 2446 943 2474 mari
932 2427 1199 2480 rubro‚1mo
1210 2427 1429 2491 obstupui,
1442 2443 1548 2473 cum
1559 2427 1604 2471 in
1617 2427 1908 2481 canaliVeneti
1923 2428 2047 2485 hujus
2060 2443 2196 2476 arma-

235 2489 341 2541 tympl
342 2501 460 2525 ΨΜ·
481 2506 676 2540 mentam
690 2493 913 2540 observav1
923 2511 1050 2557 ripis
1077 2509 1182 2557 quae
1199 2506 1469 2546 corruerant,
1492 2509 1616 2539 novo
1634 2510 1766 2543 muro
1786 2492 1970 2548 refectis,
1998 2494 2196 2546 innume-

234 2539 464 2625 Ζῗιῗκῖᾞ
478 2577 550 2649 ¹ros
563 2561 772 2623 pectines,
793 2559 1106 2606 minutiffimos
1118 2560 1308 2606 turbines
1320 2559 1572 2621 „mytulos
1593 2559 1798 2607 veiticilla
1811 2592 1824 2612 ,
1839 2560 2049 2612 conchas,
2066 2559 2196 2614 coch-

227 2639 347 2685 [ἔκαιε
372 2649 453 2689 prae-
478 2624 643 2688 leasque
665 2625 802 2689 spatio
838 2627 968 2673 unius
989 2627 1088 2671 anni
1111 2640 1208 2672 nata
1228 2626 1451 2672 adhaerere.
1489 2627 1610 2688 Qae
1637 2624 1878 2670 observatio
1903 2625 2197 2683 conJecluram

232 2689 298 2727 hes·
477 2690 684 2748 faciebat,
696 2691 860 2738 fortasse
870 2693 1062 2738 chalcem
1078 2691 1174 2739 salsa
1185 2693 1368 2755 lympha
1387 2692 1665 2738 commistam
1677 2703 1832 2755 aptum
1845 2689 2090 2749 huiusmodi
2106 2690 2196 2735 ani-

474 2757 664 2806 malibus
682 2758 874 2822 praebere
899 2760 1243 2816 nutrimentum,
1257 2775 1497 2822 eorumque
1506 2757 1649 2806 semen
1658 2774 1932 2822 promovere.
1960 2761 2063 2804 Imo
2073 2754 2197 2802 refert

1950 2872 2128 2919 Bonanm‘
