2251 3297
463 203 580 255 XIV
939 192 1325 244 PRAEFATIO
1358 192 1780 243 ISAGOGICA

459 296 643 345 formare
654 293 791 359 potest
803 294 830 341 ?
843 296 908 342 Ut
919 305 1084 340 taceam
1107 289 1160 336 de
1178 303 1308 337 motu
1328 289 1504 337 animali
1527 323 1542 346 ,
1562 288 1682 353 quod
1699 288 1840 338 valide
1859 287 2082 355 alligatum
2102 289 2169 340 in:

462 364 590 410 ternis
603 363 828 408 valvarum
850 357 1080 423 parietibus
1092 358 1202 403 ultra
1218 356 1256 402 se
1265 354 1487 402 extendere
1500 357 1649 418 nequit
1662 389 1674 411 ‚
1690 357 1730 401 &
1749 355 1836 402 fine
1846 357 1936 420 lege
1949 371 2168 404 movetur.

226 444 370 494 Testacea
389 448 450 486 ad.
532 430 667 474 Porro
686 426 961 472 substantiam
981 424 1204 469 testaceam
1227 422 1279 467 ad
1301 421 1512 486 lapideam
1535 422 1736 485 proxime
1757 421 1953 469 accedere
1982 440 2074 468 non
2102 421 2171 469 so..

220 495 438 554 fiohli‘amiam
467 494 566 540 lum
577 509 730 540 omnes
740 491 871 538 ferme
883 503 974 537 tam
987 492 1161 539 Veteres
1170 488 1305 552 quam
1316 487 1586 534 Recentiores
1610 486 1857 552 Philosophi
1875 487 2171 545 afferunt‚imo

225 548 448 608 “pfdf‘m
466 562 608 624 plures
631 559 865 622 opinantur
889 555 1071 603 eandem
1091 553 1169 601 effe
1182 587 1196 608 ‚
1217 553 1285 599 sed
1303 554 1469 618 insuper
1489 553 1575 616 ipsa
1587 552 1815 599 substantia
1835 553 2006 602 testacea
2017 553 2062 599 id
2079 552 2171 601 sua-

221 605 367 683 {52:22⁸
397 611 450 636 π’
467 626 563 673 dere
584 624 754 671 videtur
767 658 779 679 ‚
797 624 961 669 etenim
988 623 1045 668 est
1071 619 1267 685 lapidum
1298 620 1420 665 instar
1439 618 1566 673 dura,
1587 620 1725 683 gravis
1738 653 1751 675 ‚
1774 620 1821 665 in
1841 625 1951 682 aqua
1980 619 2171 669 fundum

466 706 613 757 petens
625 724 640 747 ‚
654 708 730 737 nec
741 689 933 746 ductilis,
956 704 1035 734 nec
1055 688 1102 733 in
1121 691 1229 750 aqua
1240 685 1448 742 solubilis,
1467 702 1546 731 nec
1565 702 1639 749 per
1658 684 1697 731 Ie
1713 685 1950 750 liquabilis:
1970 702 2172 751 generan-¹

460 771 531 806 tur
550 759 681 804 etiam
704 758 876 802 testacea
907 772 1012 801 cum
1048 753 1138 800 aliis
1172 751 1386 817 lapidibus
1408 752 1456 796 in
1483 757 1615 807 terra,
1640 756 1750 816 aqua
1768 784 1783 807 ,
1807 752 1919 799 limo
1935 785 1950 807 ,
1970 754 2104 799 arenis
2129 753 2173 802 &

457 823 558 889 ipsis
585 823 688 869 saxis
705 855 718 873 ,
746 822 844 868 sales
864 819 1017 867 itidem
1036 819 1263 866 continent
1284 818 1482 866 calcarios
1506 818 1547 863 ὃ(
1566 835 1620 863 ex
1648 818 1696 863 iis
1717 818 1817 864 ustis
1850 819 1945 865 calx
1972 819 2172 882 praestan.

461 890 620 937 tiffima
638 886 935 935 candidiffima
955 889 995 933 ὃ(
1019 885 1074 932 ad
1094 884 1406 932 aedificandum
1427 885 1637 948 perquam
1661 884 1780 930 utilis
1792 883 2038 932 conficitur.
2076 884 2174 944 Qi

459 969 607 1002 autem
621 955 673 1001 de
693 956 773 1003 hac
794 954 970 999 materia
999 954 1122 1017 plura
1147 953 1282 1016 legere
1316 953 1356 996 ὃ(
1386 950 1486 997 scire
1519 948 1722 996 desiderat
1746 985 1760 1006 ‚
1793 950 1987 998 consulat
2017 967 2174 1002 meum

460 1024 687 1068 trat‘tatum
707 1020 759 1066 de
777 1020 960 1083 Origine
979 1021 1084 1081 Lap.
1108 1019 1196 1081 Fig.
1215 1033 1311 1080 pag.
1331 1023 1406 1075 56.
1433 1015 1863 1081 &sublequentibuS‚
1885 1017 1965 1065 ubi
1986 1016 2174 1066 substan-

466 1088 527 1134 tia
546 1087 717 1136 testacea
734 1085 830 1133 satis
853 1081 1022 1132 diffusse
1047 1096 1296 1147 exponitur.

1217 1160 1275 1249 ς.
1315 1164 1428 1225 1v.

731 1286 948 1345 Exponitur
963 1282 1120 1343 praeftns
1139 1281 1348 1331 Methodus
1360 1316 1375 1339 ,
1396 1281 1552 1347 ejusque
1573 1279 1724 1328 utendae
1746 1278 1900 1332 modus.

461 1377 570 1480 PR
579 1389 699 1438 AEM
708 1393 764 1438 IS
777 1393 801 1436 S
813 1395 836 1438 I
846 1394 870 1436 S
883 1389 1068 1437 breviter
1082 1388 1134 1434 iis
1143 1423 1158 1445 ‚
1179 1404 1280 1452 quae
1289 1386 1343 1433 ad
1354 1386 1660 1451 cognitionem
1671 1386 1950 1433 testaceorum
1961 1385 2177 1437 internam

532 1458 740 1523 pertinere
759 1456 1212 1513 videntur,nimirum
1229 1453 1282 1500 de
1300 1470 1457 1500 eorum
1477 1453 1748 1517 generatione
1760 1487 1774 1509 ‚
1796 1454 2036 1500 accretione
2057 1453 2177 1500 &in-

458 1531 575 1572 terna
594 1524 794 1570 testarum
819 1522 1043 1578 struftura,
1075 1519 1130 1567 ad
1152 1538 1200 1567 ea
1221 1518 1476 1585 exponenda
1496 1517 1825 1583 progredimur,
1855 1535 1956 1583 quae
1977 1519 2029 1566 ad
2051 1519 2176 1565 intel-

457 1591 680 1656 ligentiam
707 1588 923 1653 praesentis
957 1586 1156 1634 methodi
1179 1586 1350 1651 ejusque
1372 1598 1680 1651 opportunum
1709 1584 1839 1632 usum
1868 1584 2087 1632 necessaria
2108 1584 2177 1632 vi-

466 1656 621 1703 dentur
641 1656 773 1707 3cum
790 1669 937 1701 autem
958 1656 1003 1700 in
1028 1654 1098 1699 illa
1117 1653 1339 1718 praecipue
1365 1665 1513 1718 agatur
1542 1650 1594 1697 de
1615 1652 1798 1699 testaceis
1833 1652 2009 1697 marinis
2039 1652 2086 1697 in
2109 1651 2177 1698 su.

461 1740 504 1769 as
522 1722 684 1768 debitas
704 1720 842 1767 claffes
862 1754 876 1776 ‚
902 1737 1051 1785 genera
1068 1720 1109 1766 &
1132 1720 1286 1783 species
1308 1716 1608 1765 distribuendis
1637 1719 1679 1764 ὅ(
1711 1717 1891 1781 quidem
1910 1735 1984 1782 per
2011 1729 2176 1764 certam

222 1798 390 1851 Qaenaem
405 1800 451 1837 ad
466 1788 684 1852 quandam
698 1789 737 1833 ὃ(
756 1785 997 1833 sensibilem
1008 1798 1163 1832 notam
1176 1785 1550 1832 cha1-a6teristicam
1564 1819 1575 1839 ‚
1588 1795 1687 1830 ante
1699 1785 1852 1830 omnia
1865 1783 2089 1848 oportebit
2100 1783 2179 1830 sci-

220 1850 438 1909 intelligentia
465 1873 531 1912 re,
551 1853 656 1919 quid
677 1853 849 1918 proprie
872 1852 924 1898 fit
935 1866 1041 1899 nota
1053 1852 1378 1899 charasteristica
1388 1885 1403 1908 ‚
1416 1849 1640 1916 qualesque
1652 1851 1929 1914 proprietates
1943 1849 2094 1896 habere
2105 1849 2179 1897 de-

218 1901 375 1986 2222&
383 1913 447 1994 ’ἐξ
465 1921 562 1968 beat
575 1955 587 1976 ‚
610 1919 709 1966 dein
730 1918 835 1983 quid
860 1919 1118 1984 intelligatur
1132 1935 1207 1982 per
1227 1918 1406 1982 species,
1431 1915 1538 1981 quid
1556 1934 1630 1981 per
1651 1933 1802 1981 genera
1824 1950 1837 1971 ‚
1870 1915 1977 1979 quid
1999 1915 2177 1965 tandem

219 2012 420 2052 reoporzeas.
461 2006 536 2052 per
558 1985 696 2034 classes
716 2019 732 2043 ,
764 1981 926 2049 quibus
954 1986 1034 2032 rite
1060 1985 1283 2032 intelleffis
1305 1984 1467 2049 reliqua
1495 1983 1648 2030 omnia
1673 1982 1803 2047 longe
1823 1981 2022 2029 facilioris
2051 1994 2177 2030 erunt

454 2053 633 2118 negotii.

221 2138 447 2185 mmmm.
529 2122 653 2168 Nota
672 2116 804 2182 igitur
823 2117 1147 2164 charaGteristica
1167 2117 1214 2163 in
1245 2133 1395 2181 genere
1415 2115 1472 2162 est
1497 2114 1672 2179 iignum
1697 2114 1924 2179 quoddam
1944 2126 2112 2162 certum
2134 2115 2179 2163 ἀ

220 2188 450 2241 teristicaquid
464 2186 674 2244 peculiare
701 2181 967 2247 sensibusque
993 2184 1142 2230 nostris
1165 2181 1443 2248 perceptibile
1473 2180 1732 2245 corporibus
1759 2181 2024 2228 naturalibus
2042 2194 2179 2228 exter-

213 2236 274 2285 β’·
461 2252 515 2300 ne
532 2252 748 2298 inhaerens
765 2250 806 2295 ὃ(
828 2248 1037 2296 adnatum
1048 2285 1062 2307 ,
1079 2267 1153 2314 per
1162 2247 1282 2313 quod
1294 2267 1341 2295 ea
1354 2283 1369 2305 ‚
1394 2265 1495 2312 quae
1514 2245 1595 2294 fibi
1614 2247 1771 2294 fimilia
1791 2247 1888 2294 sunt
1904 2281 1919 2304 ,
1949 2249 1990 2294 ἃ
2007 2246 2087 2294 fibi
2111 2248 2179 2294 in.

460 2318 606 2365 vicem
630 2316 899 2363 annumerari
916 2315 1075 2363 debent
1089 2350 1103 2371 ‚
1121 2316 1229 2362 clare
1253 2315 1598 2379 cognoscuntur,
1621 2315 1663 2360 &
1684 2314 1707 2359 a
1722 2314 1894 2377 reliquis
1916 2312 2177 2375 corporibus

458 2383 668 2430 omnibus
682 2415 694 2435 ,
720 2381 773 2427 ad
795 2398 896 2445 quae
915 2399 1006 2428 non
1019 2383 1260 2446 pertinent,
1285 2379 1501 2427 manifeste
1526 2378 1857 2445 distinguuntur.
1925 2380 1968 2426 Si
1990 2380 2083 2425 talis
2096 2397 2178 2426 no.

460 2461 504 2494 ta
523 2448 844 2495 characteristica
865 2447 1006 2495 adhuc
1022 2449 1145 2512 plura
1164 2464 1315 2512 genera
1335 2446 1492 2493 itidem
1502 2446 1594 2493 aliis
1613 2447 1730 2492 notis
1751 2445 2087 2493 chara&eristicis
2110 2446 2178 2491 in..

460 2527 524 2561 ter
545 2514 583 2560 se
605 2514 796 2560 distincta
811 2513 889 2561 sub
907 2514 946 2562 st:
964 2516 1209 2571 contineat,
1232 2527 1339 2562 tunc
1359 2513 1438 2560 erit
1461 2525 1566 2559 nota
1588 2513 1910 2559 characteristica
1935 2509 2126 2568 claffica‚
2143 2508 2178 2558 fi

463 2593 611 2627 autem
641 2579 925 2627 solummodo
951 2580 1029 2628 sub
1049 2580 1088 2627 se
1118 2578 1458 2644 comprehendat
1478 2578 1633 2643 species
1666 2578 1870 2642 quasdam
1892 2576 2044 2624 eadem
2069 2580 2179 2624 nota
2236 2603 2239 2605 ·

462 2647 786 2693 charaeteristica
810 2646 1027 2711 insignitas
1051 2648 1093 2694 &
1112 2647 1285 2693 tantum
1298 2645 1361 2692 ob
1374 2644 1608 2696 accidentia
1629 2643 1835 2709 quaedam
1850 2644 2111 2691 communia
2134 2644 2178 2691 δι

465 2712 661 2777 specifica
683 2711 728 2758 id
749 2713 805 2757 est
821 2713 912 2758 aliis
932 2731 1108 2777 quoque
1131 2712 1356 2777 generibus
1386 2728 1627 2775 eorumque
1652 2710 1869 2774 speciebus
1889 2707 2178 2758 indifferenter

460 2779 729 2843 applicabilia
747 2777 833 2825 fine
848 2780 1158 2825 immutatione
1175 2779 1337 2842 generis
1350 2780 1431 2827 &c.
1443 2779 1553 2825 inter
1564 2777 1603 2825 st:
1621 2777 1799 2826 diversas
1811 2811 1827 2836 ,
1846 2789 1953 2828 tunc
1963 2776 2056 2822 talis
2072 2787 2183 2828 nota,

459 2845 782 2895 charadkeristica
794 2846 985 2909 generica
995 2844 1328 2909 nuncupabitur.
1962 2845 2001 2890 E
2015 2841 2112 2907 qui·
