2251 3297
440 222 510 305 ''1‘1
571 286 574 287 ν
880 243 1271 294 PRAEFArro
1298 245 1749 294 1SAGOGICA.

451 342 592 410 magis
620 353 849 406 acceptum
872 341 913 387 &
936 337 1182 397 jucundum
1212 338 1407 392 reddere3
1434 339 1601 387 viribus
1633 342 1757 389 enim
1791 338 1980 388 totaliter
2012 338 2167 389 fraelus

454 413 496 459 ἃ
525 408 748 456 exhaustus
771 405 824 453 ad
847 407 928 453 alia
949 419 1040 453 tam
1069 407 1229 453 mentis
1249 408 1383 470 qulam
1404 407 1598 472 corporis
1619 406 1819 454 exercitia
1849 424 1942 453 non
1963 425 2080 455 eram
2101 408 2167 454 di-

458 475 667 542 spositus,
689 476 825 539 quam
846 489 947 537 quae
960 471 1118 520 eodem
1141 486 1338 537 tempore
1361 473 1542 521 suaviter
1563 490 1775 539 occupare
1798 474 1840 520 &
1875 471 2006 522 fimul
2030 473 2168 535 deleg-

454 557 566 599 tare,
585 541 783 606 mitigare
799 557 848 587 ae
875 539 1094 586 restaurare
1118 538 1299 604 pollent.

208 596 360 636 5³⁶'m'l‘
382 608 433 633 “⁶
520 608 677 655 Praeter
699 617 941 653 enarratum
964 623 1119 652 meum
1138 609 1295 654 statum
1313 606 1677 655 valetudinarium
1709 606 1821 653 mihi
1849 604 2018 672 insuper
2039 606 2092 654 ad
2118 605 2174 654 fi-

210 648 298 695 “fi⁰'
454 675 560 724 mile
583 673 946 720 delestamentum
975 671 1277 720 inchoandum
1293 690 1389 720 non
1422 677 1643 721 minorem
1675 672 1867 737 praebuit
1889 674 2033 721 ansam
2056 672 2173 720 haud

460 742 613 805 exigua
634 756 732 785 mea
752 739 918 784 marina
940 738 1125 803 supellex
1138 773 1153 796 ,
1176 756 1312 804 quam
1329 740 1422 800 jam
1441 741 1466 786 a
1493 738 1690 804 pluribus
1709 740 1831 786 annis
1858 741 1904 786 iu
1928 738 2087 787 scriniis
2105 738 2172 786 {ed

457 808 719 872 negligenter
740 805 914 851 tantum
939 807 982 854 ἃ
1002 804 1094 853 fine
1109 805 1264 854 ordine
1290 805 1541 871 dispositam
1573 805 1848 862 conservavi,
1874 823 1930 852 eo
1957 807 2173 853 nimirum

451 875 630 929 animo,
654 884 704 918 ut
725 872 847 918 illam
867 871 972 918 dato
991 885 1248 937 opportuno
1263 884 1465 937 tempore
1484 874 1527 920 ὃ(
1552 871 1778 919 occafione
1797 869 2044 938 semperque
2067 871 2171 919 defi-

461 939 607 985 derato
629 940 652 985 a
665 939 802 1003 magis
819 937 1048 985 necessariis
1070 939 1433 1003 occupationibus
1449 940 1545 985 otio
1568 939 1615 985 in
1634 938 1933 987 methodicam
1953 938 2172 1001 quandam

463 1006 610 1052 seriem
633 1007 894 1051 collocarem
919 1006 960 1050 &
981 1004 1233 1068 dirigerem,
1257 1007 1429 1068 optime
1461 1005 1833 1061 animadvertens,
1860 1004 1999 1052 slmile
2033 1003 2177 1053 consp

461 1072 596 1126 lium,
624 1069 655 1116 si
679 1070 821 1116 debite
846 1069 897 1115 ad
924 1068 1052 1117 suum
1086 1070 1223 1116 finem
1257 1069 1583 1134 perduceretur,
1615 1070 1731 1116 haud
1754 1071 1846 1117 leve
1877 1071 2016 1117 studio
2050 1084 2176 1117 natm

453 1138 527 1184 rali
553 1136 787 1201 praesertim
810 1139 914 1182 vero
945 1136 1140 1200 Lapideo
1171 1136 1357 1200 Lapides-
1386 1137 1610 1201 Figuratos
1638 1137 1804 1183 marina
1827 1136 2173 1200 repraesentantes

455 1204 688 1266 respicienti
725 1202 1030 1259 adjumentum
1065 1203 1298 1249 allaturum
1334 1201 1425 1249 fore
1443 1237 1456 1258 ‚
1484 1200 1605 1266 quod
1629 1203 1760 1248 etiam
1784 1204 1894 1248 mihi
1915 1204 1959 1248 in
1991 1205 2077 1249 hoc
2108 1204 2172 1249 in-

207 1280 304 1316 fsm's.
454 1286 580 1332 cepto
605 1269 808 1328 exercitio
837 1270 987 1318 unicus
1005 1270 1046 1315 ὃ(
1061 1269 1311 1333 ¹praecipuus
1332 1267 1414 1314 fuit
1431 1267 1530 1314 finis
1552 1270 1594 1313 ὃ(
1614 1269 1705 1328 jam
1723 1282 1819 1314 ante
1840 1269 2176 1332 quatuordecim

452 1353 587 1381 annos
616 1337 660 1380 in
685 1333 936 1398 praefatione
968 1335 1172 1381 Historiae
1213 1341 1326 1380 m'eae
1361 1334 1582 1399 Lapidum
1619 1336 1924 1399 Figuratorum
1956 1338 2174 1382 Helvetiae

455 1401 622 1464 ejusque
645 1402 820 1447 viciniae
848 1400 1070 1464 diligenter
1093 1402 1308 1449 inculcavi
1332 1402 1374 1447 &
1395 1401 1449 1447 ad
1471 1418 1582 1464 opus
1603 1414 1694 1448 tam
1725 1399 2000 1447 neceffarium
2024 1402 2176 1449 sedulo

457 1466 771 1531 perficiendum
785 1466 1112 1530 Philophyficos
1123 1468 1416 1532 quoscunque,
1431 1466 1711 1531 potiffimum
1729 1470 1834 1512 vero
1858 1468 1954 1513 illos
1969 1502 1982 1523 ,
1998 1470 2071 1531 qui
2092 1470 2175 1514 cir--

461 1550 509 1579 ca
541 1534 673 1579 maria
707 1532 892 1597 degunt,
921 1533 1102 1580 invitavi
1129 1535 1168 1580 3<
1194 1535 1442 1579 exhortatus
1467 1533 1586 1590 sum,
1620 1534 1719 1580 licet
1741 1548 1833 1579 non
1858 1549 1964 1580 cum
2000 1534 2077 1580 illo
2101 1534 2176 1580 de-

457 1598 665 1645 siderabili
696 1598 901 1654 succellu,
933 1617 1066 1662 quem
1093 1600 1203 1645 mihi
1231 1601 1371 1645 statim
1390 1599 1689 1663 promiseram*

211 1667 434 1725 Auzhorisfif
522 1668 671 1711 Meam
695 1683 803 1710 vero
832 1665 1133 1723 supelleffllem
1156 1667 1371 1711 marinam
1405 1666 1560 1723 majori
1580 1683 1632 1710 ex
1656 1678 1775 1726 parte
1796 1665 1975 1730 ipsemet
2000 1668 2068 1712 col
2090 1664 2176 1730 egi,

210 1724 436 1807 P‘H‘·’‘d'”“'¹‘
459 1731 570 1777 dum
592 1732 700 1777 circa
729 1732 861 1776 maria
883 1731 1105 1796 degerem,
1135 1732 1401 1778 nobiliorem
1429 1745 1575 1777 tamen
1598 1731 1786 1790 ejusdem
1811 1734 2063 1796 portionem
2089 1735 2179 1778 mi‹

210 1788 254 1812 Μ
271 1785 317 1808 nn
344 1784 366 1806 ι’
463 1799 507 1843 hi
542 1796 857 1842 transmiserunt
879 1798 901 1842 e
922 1799 1152 1861 praecipuis
1196 1797 1370 1844 duobus
1392 1802 1588 1861 Europae
1618 1798 1772 1844 nostrae
1793 1799 2016 1862 Emporiis
2043 1798 2174 1844 nimi-

460 1880 560 1909 rum
572 1864 762 1911 Veneriis
775 1864 814 1909 3<
835 1864 1163 1910 Amstelodamo
1184 1865 1412 1911 Illustris&
1425 1863 1683 1928 magnificus
1714 1865 1939 1910 Dominus
1951 1868 2172 1912 PETRUS

456 1932 801 1979 VALKENIER
826 1931 937 1975 olim
949 1934 1275 1995 Praepotentum
1288 1931 1355 1976 Bel
1361 1931 1418 1995 gii
1430 1930 1656 1977 Ordinum
1669 1929 1720 1975 ad
1733 1929 2001 1994 Respublicas
2013 1932 2177 1977 Helve-

462 1995 567 2041 ticas
590 1994 822 2059 Ablegatus
845 1996 1229 2052 extraordinarius,
1249 1998 1308 2054 &‚
1318 1996 1427 2042 dum
1439 1997 1602 2043 viveret
1614 2031 1627 2052 ,
1648 2000 1803 2043 Fautor
1816 1995 2056 2042 studiorum
2069 2031 2083 2054 ,
2102 2015 2176 2044 eo-

461 2078 647 2124 rumque
669 2076 904 2125 promotor
922 2063 1085 2127 semper
1120 2064 1330 2115 eximius,
1353 2080 1436 2111 nee
1460 2079 1551 2109 non
1583 2061 1896 2109 Nobilisfimus
1921 2064 1961 2108 ὅ(
1992 2063 2174 2109 Clariffi-

458 2144 559 2174 mus
583 2128 807 2173 Dominus
829 2133 1016 2188 Joannes
1042 2130 1328 2175 Hieronimus
1364 2129 1625 2175 Zannichelli
1660 2128 2027 2192 praestantissimus·
2059 2130 2174 2194 apud

458 2195 649 2242 Venetos
675 2192 960 2258 Philosophus
994 2197 1035 2241 ἃ
1072 2196 1464 2259 Pharmacopaeus,
1485 2195 1667 2240 Amicus
1696 2211 1821 2241 meus
1846 2196 2174 2260 integerrimus,

459 2276 652 2322 quorum
682 2259 920 2307 amborum
942 2262 1141 2308 virorum
1174 2262 1419 2307 innumeras
1443 2262 1593 2326 gratias
1616 2258 1841 2307 &favores
1870 2261 1914 2306 in
1936 2278 2007 2306 me
2044 2263 2175 2308 colla-

461 2337 531 2371 tos
556 2325 627 2371 hic
647 2327 818 2372 reticere
852 2345 943 2372 non
969 2328 1161 2392 'parvum
1197 2327 1307 2375 foret
1339 2326 1656 2392 ingratitudinis
1682 2327 1932 2391 piaculum3
1966 2343 2173 2390 quaenam

463 2403 610 2436 autem
637 2392 678 2437 &
697 2393 837 2454 qualia
861 2393 1023 2439 curiosa
1055 2395 1259 2440 naturalia
1286 2394 1309 2439 a
1331 2394 1561 2439 Benevolis
1578 2393 1661 2438 istis
1689 2392 1944 2439 Fautoribus
1967 2411 2057 2438 non
2090 2396 2174 2439 mi-⁷

463 2456 544 2502 nus
568 2459 702 2519 quam
722 2457 776 2503 ab
791 2459 885 2505 aliis·
898 2459 1093 2522 pluribus
1122 2461 1272 2506 amicis
1292 2460 1539 2523 receperim,
1561 2459 1699 2523 magis
1721 2458 1912 2505 diffluas&
1943 2460 1983 2505 ὅ(
2017 2461 2173 2519 majori

467 2538 570 2571 cum
596 2524 828 2587 gratiarum>
863 2526 1031 2571 afflone
1057 2525 1295 2590 propalabo
1316 2526 1362 2571 in
1396 2526 1719 2585 enumeratione
1741 2543 1885 2571 rerum
1911 2527 2173 2572 naturalium

466 2588 509 2633 in
525 2590 719 2634 muleolo
734 2607 835 2635 meo
849 2605 1168 2648 contentarum,
1180 2591 1300 2656 quod
1309 2605 1522 2637 annuente
1538 2592 1768 2639 DIVINO
1779 2593 2033 2639 NUMINE
2051 2590 2173 2638 brevi

460 2671 635 2764 qucpque
653 2653 914 2714 describam,
929 2659 969 2704 &
993 2660 1078 2705 hoc
1098 2659 1360 2723 opusculum
1376 2666 1582 2721 tanquam
1596 2674 1752 2721 parvus
1774 2657 2041 2721 prodromus
2063 2674 2176 2722 prae-

460 2737 507 2766 ce
541 2733 584 2765 1t.

206 2789 432 2839 testaceorum
510 2790 621 2833 Rem
633 2786 795 2850 itaque,
810 2787 909 2834 licet
921 2788 1042 2838 illam
1065 2790 1187 2839 valde
1200 2790 1394 2849 arduam,
1411 2788 1664 2839 admodum
1677 2790 1873 2854 amplam
1887 2791 1927 2837 ὃ(
1942 2787 2174 2838 abstrusam

1903 2902 2097 2955 difficui.
