2251 3297
476 219 874 266 ‘PRAEFATlo
908 215 1343 267 ISAGOGIC‘A.
1652 215 1775 264 XXI

63 300 194 357 storia
223 296 484 343 Animalium
507 297 655 360 Angliae
677 309 754 344 tres
792 301 1000 344 tractatus:
1018 314 1120 344 unus
1141 297 1188 343 de
1215 299 1404 352 Aramis,
1427 295 1522 343 alter
1544 295 1592 343 de
1628 297 1778 344 cochleis

78 375 166 409 tum
185 363 418 424 terrestribus
437 375 525 409 tum
533 363 823 424 fluviatilibus,
849 367 986 408 tertim
1006 362 1053 408 de
1077 363 1226 409 cochleis
1247 366 1409 409 marinis
1420 396 1434 419 ‚
1458 362 1591 427 quibus
1613 363 1778 421 adyec‘lus

77 432 124 488 cst
145 440 309 492 quartus
325 429 372 474 de
394 428 572 487 lapidibus
595 428 757 487 ejbtsdem
777 427 908 487 Infitlae
921 428 976 473 ad
994 428 1228 475 cochlearum
1246 428 1444 494 quandam
1473 432 1675 488 imaginem
1671 432 1776 490 figu-

77 498 185 541 ratis.
260 493 437 540 Londini.
483 501 620 553 1678.
648 495 832 552 Muftum
864 492 1138 539 Amboim'cum
1176 499 1328 555 Georgii
1359 493 1574 539 Everhardi
1599 493 1778 551 Rumphii

84 557 296 616 Confiliarii
315 557 534 605 Amboim'ci
555 559 669 603 Plinii
699 557 819 604 Indici
842 558 945 604 dieii.
974 558 1256 617 Amstelodami.
1287 573 1422 618 1705.
1452 561 1649 617 Mufiaeum
1682 563 1775 605 Kir-

74 623 299 669 cherianum
304 623 390 681 five
411 624 608 682 Mafieum
626 624 651 667 ci
672 633 713 669 Ρ.
730 622 933 681 Athanzfio
954 623 1132 671 Kirchero
1154 628 1193 669 in
1220 625 1372 685 Colle-gio
1392 630 1560 682 Kimano
1585 625 1776 670 societati}

72 693 169 748 JES
175 694 212 734 U
221 691 309 745 jam
329 688 480 746 pridem
497 693 721 747 incaeptum‚
738 705 841 735 nunc
860 690 1075 746 restitutum
1093 721 1106 738 ‚
1139 689 1299 735 auflum
1310 724 1324 746 ‚
1349 689 1574 748 dq‘criptum
1593 685 1644 742 ὠ·
1662 693 1774 733 iconi-

75 754 146 799 bus
171 753 396 814 illustratum
420 754 446 797 ἁ
469 757 512 800 Ρ.
537 753 696 812 Philippo
721 757 895 799 Bonanm'
917 758 1111 801 societatis
1126 758 1222 814 JES
1229 759 1276 799 U.
1314 760 1453 811 quae.
1484 769 1620 814 1709.
1643 755 1773 813 Musti

72 819 300 878 Mussorum
330 815 459 869 ‚obet
488 816 558 867 ber
579 812 888 878 voustdnbtgen
917 814 1300 877 &thau-»Quone
1332 814 1543 877 ftssmbb'et
1565 815 1768 870 matum»

68 881 148 932 lien
164 887 338 944 amenter
356 878 487 940 &bess
507 880 666 933 {emon
690 880 769 936 GD.
788 880 978 940 wamel
1002 879 1236 937 &inbuto
1265 879 1769 944 <meletiani-{nominas

71 946 198 1006 urben
236 943 475 1009 -Desfistben
507 945 822 1000 Scibawebico
857 947 943 998 unb
967 944 1208 1010 ffltofeffote
1228 959 1274 1008 au
1300 944 1486 1008 &effen
1516 944 1768 1010 &runcssfittt

65 1023 142 1063 am
163 1010 332 1069 wimm-
363 1021 510 1074 1716.
534 1014 718 1061 tacendo
748 1014 934 1077 reliquos
967 1014 1265 1061 celeberrimos
1295 1017 1535 1071 Authores‚
1561 1015 1635 1079 qui
1668 1016 1768 1062 hinc

65 1078 166 1126 inde
188 1080 255 1127 sed
275 1097 368 1126 non
390 1093 480 1126 tam
504 1079 742 1143 frequenter
761 1080 945 1126 citantur
960 1114 974 1135 ‚
989 1097 1180 1142 quorum
1205 1098 1296 1126 non
1306 1098 1461 1143 parvus
1477 1082 1532 1126 est
1546 1098 1765 1137 numerus,

68 1146 109 1191 ἃ
123 1145 236 1208 apud
248 1163 359 1209 quos
369 1144 531 1210 semper
541 1143 816 1208 intelligibilis
830 1157 1024 1191 occurret
1037 1145 1197 1190 citatio.
1213 1147 1393 1191 Interim
1405 1147 1570 1191 nemini
1585 1145 1772 1193 dubium

63 1209 143 1265 fit,
165 1210 250 1255 dari
285 1209 452 1273 insuper
477 1210 820 1273 quamplurimos
849 1210 955 1255 alios
982 1209 1264 1273 Philosophos
1291 1228 1340 1257 ac
1362 1212 1672 1274 Zoographos‚
1687 1212 1761 1273 qui

63 1274 240 1320 summo
263 1292 367 1320 cum
389 1274 588 1338 applausu
606 1274 658 1320 de
676 1275 854 1320 materia
874 1275 1044 1320 testacea
1063 1275 1333 1339 scripserunt,
1354 1275 1517 1321 etiamsi
1538 1278 1583 1321 in
1608 1278 1692 1322 hoc
1711 1295 1760 1322 ο.

60 1340 241 1403 pusculo
262 1340 377 1385 nulla
396 1357 550 1386 eorum
570 1339 676 1386 fasta
691 1339 814 1386 fuerit
839 1340 1006 1386 mentio
1019 1373 1033 1395 ,
1058 1342 1178 1399 cujus
1200 1342 1257 1387 rei
1281 1355 1426 1388 autem
1440 1342 1656 1405 praecipua
1669 1342 1762 1389 haec

61 1406 117 1450 est
128 1406 260 1460 ratio,·
279 1404 401 1468 quod
422 1406 519 1452 illos
541 1423 694 1451 omnes
715 1404 768 1452 ad
789 1422 944 1451 manus
960 1423 1052 1451 non
1073 1406 1320 1462 habuerim,
1344 1425 1480 1470 neque
1502 1408 1547 1453 in
1571 1408 1760 1471 regione,

60 1469 108 1515 in
129 1475 211 1533 qua
231 1470 480 1530 hujusmodi
496 1470 629 1516 studia
645 1470 905 1516 omnimode
924 1471 1040 1533 quali
1061 1474 1258 1526 exulant,
1280 1473 1391 1517 mihi
1415 1489 1660 1536 comparare
1675 1490 1758 1535 po,

60 1536 242 1592 tuerim,
266 1553 392 1591 narn,
415 1549 549 1599 prout
569 1535 756 1599 superius
775 1536 871 1595 jam
891 1536 1058 1582 dictum
1081 1537 1135 1582 est
1151 1572 1165 1593 ,
1188 1539 1305 1585 hunc
1337 1540 1564 1583 tractatum
1594 1555 1686 1583 non
1707 1555 1758 1584 ex

57 1600 254 1646 instituto
276 1600 343 1646 sed
377 1601 548 1647 tantum
571 1602 782 1647 casualiter
802 1600 1028 1665 conscripsi
1051 1603 1183 1648 unico
1205 1604 1290 1648 hoc
1311 1601 1398 1649 fine
1414 1638 1427 1659 ‚
1457 1616 1506 1648 ut
1521 1604 1631 1648 mihi
1664 1602 1760 1649 fuu-

57 1665 311 1711 damentum
335 1665 557 1728 quoddam
568 1667 752 1731 regulare
774 1683 1110 1730 componerem,
1133 1668 1381 1714 Museolum
1413 1686 1568 1715 meum
1597 1669 1759 1715 tamla·

55 1730 236 1795 pideum
262 1732 395 1794 quam
418 1732 637 1778 marinum
666 1733 711 1777 in
737 1732 923 1794 aliquem
955 1732 1258 1779 methodicum
1284 1734 1483 1780 ordinem
1512 1733 1754 1798 redigendi,

56 1796 281 1860 debiteque
302 1798 348 1841 in
368 1795 456 1842 suas
486 1796 663 1854 Classes,
684 1814 832 1862 genera
854 1798 895 1843 ἃ
919 1797 1071 1861 species
1095 1798 1382 1845 distribuendi.

120 1865 233 1908 Haec
249 1861 368 1918 sunt,
393 1862 548 1909 Amice
574 1864 757 1917 Lector,
781 1878 882 1926 quae
910 1863 1085 1909 durante
1113 1881 1217 1912 meo
1248 1864 1351 1910 statu
1373 1865 1683 1911 valetudinario
1705 1866 1751 1911 in

54 1926 328 1974 necessarium
351 1927 574 1989 quoddam
597 1928 731 1974 animi
750 1929 838 1973 mei
857 1927 1059 1974 solatium
1082 1927 1134 1974 de
1157 1929 1338 1977 testaceis
1367 1931 1541 1977 marinis
1571 1931 1750 1977 medita-

52 2004 123 2037 tus
152 1992 247 2038 sum
262 2026 274 2047 ‚
305 1993 519 2055 reliquum
556 2010 674 2039 nunc
694 1993 773 2049 est,
798 1993 918 2056 quod
943 1994 1068 2039 unice
1091 2012 1143 2039 ex
1167 2006 1264 2041 toto
1292 1995 1420 2044 corde
1441 2013 1586 2042 voveo
1609 2013 1658 2043 ac
1677 2013 1750 2041 ex-

53 2070 192 2120 opto,
219 2070 267 2102 ut
290 2058 500 2103 nimirum
519 2059 586 2102 hae
616 2073 729 2104 meae
757 2058 1065 2122 qualescunque
1096 2071 1241 2105 tenues
1275 2061 1663 2107 exercitatiunculae
1699 2060 1750 2107 de

50 2122 292 2185 supelleftili
314 2123 474 2168 marina
502 2122 581 2168 tibi
613 2124 780 2186 totique
793 2123 1057 2187 Reipublicae
1091 2125 1284 2171 literariae
1320 2126 1366 2171 in
1398 2126 1574 2189 aliquod
1601 2126 1746 2172 saltem

48 2187 201 2234 cedant
212 2188 562 2234 emolumentum
573 2205 622 2238 ac
633 2189 861 2234 utilitatem
871 2223 886 2245 ‚
899 2189 969 2234 vel·
978 2188 1029 2234 ad
1044 2190 1286 2236 minimum
1299 2189 1513 2238 leviffimo
1524 2191 1697 2238 cuidam
1710 2193 1752 2237 δε

44 2252 242 2312 jucundo
267 2252 332 2298 sed
345 2265 489 2298 tamen
511 2271 601 2299 non
614 2253 874 2300 omnimode
897 2254 1038 2300 inutili
1061 2253 1142 2300 fint
1158 2253 1348 2312 ludicro,
1362 2256 1482 2316 cujus
1498 2258 1612 2303 aetus
1623 2269 1746 2303 erunt

47 2317 184 2364 claffes
197 2353 210 2373 ‚
230 2319 268 2363 ὃ(
294 2335 441 2382 genera
464 2319 623 2373 scenae,
649 2318 801 2382 species
829 2331 974 2365 autem
997 2320 1210 2383 personae,
1234 2321 1608 2384 quemadmodum
1633 2320 1744 2368 mihi

45 2401 219 2447 quoque
232 2400 320 2428 non
332 2384 499 2448 exiguae
516 2382 686 2429 fuerunt
708 2385 948 2448 voluptati,
973 2384 1093 2448 quod
1122 2386 1247 2432 unica
1275 2388 1352 2432 erit
1370 2386 1594 2433 desiderata
1607 2389 1740 2434 totius

44 2449 145 2495 mei·
168 2448 325 2494 laboris
369 2458 528 2495 merces
559 2451 599 2495 ἃ
636 2448 930 2513 gratiofiffime
972 2454 1124 2498 DEUS
1165 2449 1323 2497 faxerit.
1405 2453 1513 2501 Vale
1541 2455 1581 2498 ὅ(
1617 2451 1710 2500 fave
1725 2487 1740 2509 ‚

44 2530 284 2576 erroresque
327 2526 415 2559 tarn
464 2515 800 2579 typographicos
842 2515 974 2578 quam
1009 2517 1363 2580 orthographicos
1400 2518 1589 2581 aliosque
1610 2553 1623 2574 ‚
1663 2519 1740 2582 qui

42 2578 253 2624 hincinde
285 2579 532 2641 irreplerunt
553 2615 566 2634 ‚
590 2597 670 2643 pro
683 2584 756 2625 tua
777 2580 920 2626 innata
947 2581 1215 2629 humanitate
1235 2584 1275 2629 &
1296 2581 1592 2631 benevolentia
1621 2583 1740 2631 beni-

40 2643 125 2707 gne
148 2643 391 2690 condonare
412 2646 453 2692 &
476 2646 682 2710 corrigere
701 2661 795 2691 non
814 2644 1052 2710 dedignare.

846 2821 896 2883 >(
1537 2826 1673 2892 Insig-
